<?xml version="1.0" encoding="UTF-8"?>
<!DOCTYPE html PUBLIC "-//W3C//DTD XHTML 1.0 Transitional//EN"
    "http://www.w3.org/TR/xhtml1/DTD/xhtml1-transitional.dtd">
<html xmlns="http://www.w3.org/1999/xhtml" xml:lang="en" lang="en">
 <head>
  <title>
</title>
<meta http-equiv="Content-Type" content="text/html;charset=utf-8" />
  <meta name='ocr-system' content='tesseract 3.04.00' />
  <meta name='ocr-capabilities' content='ocr_page ocr_carea ocr_par ocr_line ocrx_word'/>
</head>
<body>
  <div class='ocr_page' id='page_1' title='image "./emendationesnon00allegoog_0013.png"; bbox 0 0 2632 4506; ppageno 0'>
   <div class='ocr_carea' id='block_1_1' title="bbox 122 401 892 526">
    <p class='ocr_par' dir='ltr' id='par_1_1' title="bbox 122 401 892 526">
     <span class='ocr_line' id='line_1_1' title="bbox 122 401 892 526; baseline -0.001 -29"><span class='ocrx_word' id='word_1_1' title='bbox 122 401 129 431; x_wconf 83' lang='grc'><strong>”</strong></span> <span class='ocrx_word' id='word_1_2' title='bbox 210 438 228 497; x_wconf 81' lang='lat' dir='ltr'>a</span> <span class='ocrx_word' id='word_1_3' title='bbox 476 437 520 496; x_wconf 81' lang='lat' dir='ltr'>rr</span> <span class='ocrx_word' id='word_1_4' title='bbox 541 436 690 526; x_wconf 82' lang='lat' dir='ltr'>arrsrr.</span> <span class='ocrx_word' id='word_1_5' title='bbox 712 436 773 494; x_wconf 76' lang='lat' dir='ltr'>so</span> <span class='ocrx_word' id='word_1_6' title='bbox 791 436 892 496; x_wconf 71' lang='lat' dir='ltr'>ram</span> 
     </span>
    </p>
   </div>
   <div class='ocr_carea' id='block_1_2' title="bbox 209 581 1289 781">
    <p class='ocr_par' dir='ltr' id='par_1_2' title="bbox 209 561 1289 781">
     <span class='ocr_line' id='line_1_2' title="bbox 209 581 1287 678; baseline -0.013 -21"><span class='ocrx_word' id='word_1_7' title='bbox 209 603 336 660; x_wconf 72' lang='lat' dir='ltr'>veniet.”</span> <span class='ocrx_word' id='word_1_8' title='bbox 379 603 438 660; x_wconf 79' lang='lat' dir='ltr'>Jos.</span> <span class='ocrx_word' id='word_1_9' title='bbox 459 581 594 678; x_wconf 58' lang='lat' dir='ltr'>§caligem</span> <span class='ocrx_word' id='word_1_10' title='bbox 615 601 716 676; x_wconf 65' lang='lat' dir='ltr'>Epioe.</span> <span class='ocrx_word' id='word_1_11' title='bbox 736 621 764 678; x_wconf 93' lang='lat' dir='ltr'>p.</span> <span class='ocrx_word' id='word_1_12' title='bbox 788 605 866 670; x_wconf 60' lang='lat'>227„</span> <span class='ocrx_word' id='word_1_13' title='bbox 889 609 908 636; x_wconf 74' lang='lat'>‘⁶</span> <span class='ocrx_word' id='word_1_14' title='bbox 919 600 1061 676; x_wconf 68' lang='grc' dir='ltr'>κακόηθες,</span> <span class='ocrx_word' id='word_1_15' title='bbox 1082 601 1161 677; x_wconf 86' lang='lat' dir='ltr'>quod</span> <span class='ocrx_word' id='word_1_16' title='bbox 1243 591 1247 596; x_wconf 68' lang='grc'>’</span> <span class='ocrx_word' id='word_1_17' title='bbox 1283 602 1287 610; x_wconf 84' lang='grc'><strong>”</strong></span> 
     </span>
     <span class='ocr_line' id='line_1_3' title="bbox 210 702 1289 781; baseline -0.017 -21"><span class='ocrx_word' id='word_1_18' title='bbox 210 703 265 760; x_wconf 72' lang='lat' dir='ltr'>nisi</span> <span class='ocrx_word' id='word_1_19' title='bbox 276 721 343 760; x_wconf 85' lang='lat' dir='ltr'>oum</span> <span class='ocrx_word' id='word_1_20' title='bbox 356 703 418 760; x_wconf 86' lang='lat' dir='ltr'>vita</span> <span class='ocrx_word' id='word_1_21' title='bbox 431 703 705 779; x_wconf 85' lang='lat' dir='ltr'>exuerepossunt.’&#39;</span> <span class='ocrx_word' id='word_1_22' title='bbox 745 702 822 761; x_wconf 88' lang='lat' dir='ltr'>Vide</span> <span class='ocrx_word' id='word_1_23' title='bbox 835 704 921 762; x_wconf 87' lang='lat' dir='ltr'>etiam</span> <span class='ocrx_word' id='word_1_24' title='bbox 934 703 1010 761; x_wconf 82' lang='lat' dir='ltr'>infra</span> <span class='ocrx_word' id='word_1_25' title='bbox 1023 720 1051 781; x_wconf 90' lang='lat' dir='ltr'>p.</span> <span class='ocrx_word' id='word_1_26' title='bbox 1066 705 1113 761; x_wconf 76' lang='lat'>20.</span> <span class='ocrx_word' id='word_1_27' title='bbox 1198 773 1202 778; x_wconf 24' lang='grc' dir='ltr'>Ι</span> <span class='ocrx_word' id='word_1_28' title='bbox 1288 711 1289 742; x_wconf 61' lang='grc'><em>;</em></span> 
     </span>
    </p>
   </div>
   <div class='ocr_carea' id='block_1_3' title="bbox 211 859 1159 1170">
    <p class='ocr_par' dir='ltr' id='par_1_3' title="bbox 211 859 1159 1170">
     <span class='ocr_line' id='line_1_4' title="bbox 254 859 1159 954; baseline 0.001 -23"><span class='ocrx_word' id='word_1_29' title='bbox 254 867 300 932; x_wconf 92' lang='lat' dir='ltr'>V.</span> <span class='ocrx_word' id='word_1_30' title='bbox 324 875 356 936; x_wconf 80' lang='lat'>9.</span> <span class='ocrx_word' id='word_1_31' title='bbox 380 874 407 932; x_wconf 93' lang='lat' dir='ltr'>l.</span> <span class='ocrx_word' id='word_1_32' title='bbox 428 859 629 954; x_wconf 78' lang='lat' dir='ltr'>(Vatinius):¹</span> <span class='ocrx_word' id='word_1_33' title='bbox 654 876 676 908; x_wconf 81' lang='lat'>‘⁶</span> <span class='ocrx_word' id='word_1_34' title='bbox 691 865 726 933; x_wconf 85' lang='lat' dir='ltr'>si</span> <span class='ocrx_word' id='word_1_35' title='bbox 742 874 831 932; x_wconf 89' lang='lat' dir='ltr'>tuam</span> <span class='ocrx_word' id='word_1_36' title='bbox 846 867 1105 934; x_wconf 81' lang='lat' dir='ltr'>consuetudinem</span> <span class='ocrx_word' id='word_1_37' title='bbox 1125 867 1159 932; x_wconf 88' lang='lat' dir='ltr'>in</span> 
     </span>
     <span class='ocr_line' id='line_1_5' title="bbox 211 973 1157 1062; baseline -0.004 -20"><span class='ocrx_word' id='word_1_38' title='bbox 211 976 392 1062; x_wconf 81' lang='lat' dir='ltr'>patrociniis</span> <span class='ocrx_word' id='word_1_39' title='bbox 406 975 534 1040; x_wconf 87' lang='lat' dir='ltr'>tuendis</span> <span class='ocrx_word' id='word_1_40' title='bbox 549 997 664 1051; x_wconf 86' lang='lat' dir='ltr'>servas,</span> <span class='ocrx_word' id='word_1_41' title='bbox 680 973 719 1038; x_wconf 92' lang='lat' dir='ltr'>P.</span> <span class='ocrx_word' id='word_1_42' title='bbox 727 973 879 1040; x_wconf 86' lang='lat' dir='ltr'>Vatinius</span> <span class='ocrx_word' id='word_1_43' title='bbox 890 974 987 1042; x_wconf 84' lang='lat' dir='ltr'>eliens</span> <span class='ocrx_word' id='word_1_44' title='bbox 995 975 1157 1051; x_wconf 77' lang='lat' dir='ltr'>advenit*,</span> 
     </span>
     <span class='ocr_line' id='line_1_6' title="bbox 213 1081 774 1170; baseline -0.005 -21"><span class='ocrx_word' id='word_1_45' title='bbox 213 1084 268 1169; x_wconf 90' lang='lat' dir='ltr'>qui</span> <span class='ocrx_word' id='word_1_46' title='bbox 282 1106 340 1170; x_wconf 94' lang='lat' dir='ltr'>pro</span> <span class='ocrx_word' id='word_1_47' title='bbox 354 1106 388 1150; x_wconf 90' lang='lat' dir='ltr'>se</span> <span class='ocrx_word' id='word_1_48' title='bbox 406 1105 533 1148; x_wconf 82' lang='lat' dir='ltr'>eausam</span> <span class='ocrx_word' id='word_1_49' title='bbox 543 1081 659 1152; x_wconf 77' lang='lat' dir='ltr'>dioier*</span> <span class='ocrx_word' id='word_1_50' title='bbox 674 1081 774 1148; x_wconf 84' lang='lat' dir='ltr'><strong>vult.&#39;’</strong></span> 
     </span>
    </p>
   </div>
   <div class='ocr_carea' id='block_1_4' title="bbox 209 1211 1161 1390">
    <p class='ocr_par' dir='ltr' id='par_1_4' title="bbox 209 1211 1161 1390">
     <span class='ocr_line' id='line_1_7' title="bbox 246 1211 1161 1288; baseline -0.004 -18"><span class='ocrx_word' id='word_1_51' title='bbox 246 1212 319 1272; x_wconf 86' lang='lat' dir='ltr'>Edd</span> <span class='ocrx_word' id='word_1_52' title='bbox 340 1211 481 1288; x_wconf 85' lang='lat' dir='ltr'>quaedam</span> <span class='ocrx_word' id='word_1_53' title='bbox 494 1213 535 1270; x_wconf 82' lang='lat' dir='ltr'>ad</span> <span class='ocrx_word' id='word_1_54' title='bbox 546 1221 570 1270; x_wconf 84' lang='lat' dir='ltr'>te</span> <span class='ocrx_word' id='word_1_55' title='bbox 583 1213 662 1270; x_wconf 74' lang='lat' dir='ltr'>voest.</span> <span class='ocrx_word' id='word_1_56' title='bbox 702 1212 849 1270; x_wconf 74' lang='lat' dir='ltr'>Fortasse:</span> <span class='ocrx_word' id='word_1_57' title='bbox 873 1213 951 1281; x_wconf 79' lang='lat' dir='ltr'>venit,</span> <span class='ocrx_word' id='word_1_58' title='bbox 973 1230 992 1270; x_wconf 85' lang='lat' dir='ltr'><strong><em>a</em></strong></span> <span class='ocrx_word' id='word_1_59' title='bbox 1011 1220 1035 1268; x_wconf 82' lang='lat' dir='ltr'>te</span> <span class='ocrx_word' id='word_1_60' title='bbox 1054 1212 1104 1286; x_wconf 77' lang='lat' dir='ltr'>qai</span> <span class='ocrx_word' id='word_1_61' title='bbox 1117 1244 1161 1266; x_wconf 90' lang='lat'>·-.</span> 
     </span>
     <span class='ocr_line' id='line_1_8' title="bbox 209 1312 888 1390; baseline -0.004 -19"><span class='ocrx_word' id='word_1_62' title='bbox 209 1313 321 1372; x_wconf 83' lang='lat' dir='ltr'>Deinde</span> <span class='ocrx_word' id='word_1_63' title='bbox 332 1333 386 1390; x_wconf 90' lang='lat' dir='ltr'>pro</span> <span class='ocrx_word' id='word_1_64' title='bbox 400 1315 486 1372; x_wconf 78' lang='lat' dir='ltr'>dicier</span> <span class='ocrx_word' id='word_1_65' title='bbox 499 1312 557 1370; x_wconf 76' lang='lat' dir='ltr'>volt</span> <span class='ocrx_word' id='word_1_66' title='bbox 569 1313 687 1370; x_wconf 79' lang='lat' dir='ltr'>mallem</span> <span class='ocrx_word' id='word_1_67' title='bbox 700 1313 758 1370; x_wconf 75' lang='lat' dir='ltr'>dici</span> <span class='ocrx_word' id='word_1_68' title='bbox 764 1312 888 1388; x_wconf 69' lang='lat' dir='ltr'>peredit.</span> 
     </span>
    </p>
   </div>
   <div class='ocr_carea' id='block_1_5' title="bbox 209 1445 1243 1652">
    <p class='ocr_par' dir='ltr' id='par_1_5' title="bbox 209 1445 1243 1652">
     <span class='ocr_line' id='line_1_9' title="bbox 253 1445 1243 1564; baseline -0.002 -22"><span class='ocrx_word' id='word_1_69' title='bbox 253 1477 387 1547; x_wconf 87' lang='lat' dir='ltr'><strong>v11.9.</strong></span> <span class='ocrx_word' id='word_1_70' title='bbox 406 1482 451 1543; x_wconf 91' lang='lat' dir='ltr'>l.:</span> <span class='ocrx_word' id='word_1_71' title='bbox 476 1476 614 1543; x_wconf 81' lang='lat' dir='ltr'>“sedad</span> <span class='ocrx_word' id='word_1_72' title='bbox 628 1499 701 1542; x_wconf 91' lang='lat' dir='ltr'>eum</span> <span class='ocrx_word' id='word_1_73' title='bbox 711 1486 840 1564; x_wconf 90' lang='lat' dir='ltr'>propter</span> <span class='ocrx_word' id='word_1_74' title='bbox 850 1478 918 1562; x_wconf 87' lang='lat' dir='ltr'>ejus</span> <span class='ocrx_word' id='word_1_75' title='bbox 932 1477 1158 1560; x_wconf 76' lang='lat' dir='ltr'>occupationes*</span> <span class='ocrx_word' id='word_1_76' title='bbox 1240 1445 1243 1450; x_wconf 27' lang='grc' dir='ltr'>Ι</span> 
     </span>
     <span class='ocr_line' id='line_1_10' title="bbox 209 1584 659 1652; baseline -0.004 0"><span class='ocrx_word' id='word_1_77' title='bbox 209 1586 288 1652; x_wconf 86' lang='lat' dir='ltr'>nihil</span> <span class='ocrx_word' id='word_1_78' title='bbox 303 1608 373 1651; x_wconf 92' lang='lat' dir='ltr'>sum</span> <span class='ocrx_word' id='word_1_79' title='bbox 387 1607 482 1650; x_wconf 83' lang='lat' dir='ltr'>ausus</span> <span class='ocrx_word' id='word_1_80' title='bbox 494 1584 659 1651; x_wconf 84' lang='lat' dir='ltr'>seribere.&#39;&#39;</span> 
     </span>
    </p>
   </div>
   <div class='ocr_carea' id='block_1_6' title="bbox 246 1695 1291 1793">
    <p class='ocr_par' dir='ltr' id='par_1_6' title="bbox 246 1695 1291 1793">
     <span class='ocr_line' id='line_1_11' title="bbox 246 1695 1291 1793; baseline -0.003 -16"><span class='ocrx_word' id='word_1_81' title='bbox 246 1720 294 1777; x_wconf 84' lang='lat' dir='ltr'>Fx</span> <span class='ocrx_word' id='word_1_82' title='bbox 316 1717 517 1793; x_wconf 89' lang='lat' dir='ltr'>supplemento</span> <span class='ocrx_word' id='word_1_83' title='bbox 537 1723 688 1792; x_wconf 86' lang='lat' dir='ltr'>receptum</span> <span class='ocrx_word' id='word_1_84' title='bbox 711 1723 755 1774; x_wconf 87' lang='lat' dir='ltr'>est</span> <span class='ocrx_word' id='word_1_85' title='bbox 774 1695 965 1790; x_wconf 66' lang='lat' dir='ltr'>occupationes,</span> <span class='ocrx_word' id='word_1_86' title='bbox 986 1716 1065 1791; x_wconf 87' lang='lat' dir='ltr'>quod</span> <span class='ocrx_word' id='word_1_87' title='bbox 1078 1735 1160 1774; x_wconf 83' lang='lat' dir='ltr'>voea-</span> <span class='ocrx_word' id='word_1_88' title='bbox 1287 1745 1291 1754; x_wconf 85' lang='lat'>·</span> 
     </span>
    </p>
   </div>
   <div class='ocr_carea' id='block_1_7' title="bbox 206 1816 1167 2194">
    <p class='ocr_par' dir='ltr' id='par_1_7' title="bbox 206 1816 1167 2194">
     <span class='ocr_line' id='line_1_12' title="bbox 210 1816 1161 1895; baseline -0.005 -16"><span class='ocrx_word' id='word_1_89' title='bbox 210 1821 314 1879; x_wconf 89' lang='lat' dir='ltr'>bulum</span> <span class='ocrx_word' id='word_1_90' title='bbox 326 1819 468 1895; x_wconf 90' lang='lat' dir='ltr'>quomodo</span> <span class='ocrx_word' id='word_1_91' title='bbox 478 1817 610 1894; x_wconf 87' lang='lat' dir='ltr'>potuerit</span> <span class='ocrx_word' id='word_1_92' title='bbox 620 1816 761 1886; x_wconf 85' lang='lat' dir='ltr'>excidere,</span> <span class='ocrx_word' id='word_1_93' title='bbox 774 1817 908 1892; x_wconf 88' lang='lat' dir='ltr'>equidem</span> <span class='ocrx_word' id='word_1_94' title='bbox 916 1836 974 1875; x_wconf 90' lang='lat' dir='ltr'>non</span> <span class='ocrx_word' id='word_1_95' title='bbox 984 1817 1074 1875; x_wconf 86' lang='lat' dir='ltr'>video.</span> <span class='ocrx_word' id='word_1_96' title='bbox 1095 1818 1161 1875; x_wconf 86' lang='lat' dir='ltr'>Nisi</span> 
     </span>
     <span class='ocr_line' id='line_1_13' title="bbox 207 1919 1161 1996; baseline -0.004 -16"><span class='ocrx_word' id='word_1_97' title='bbox 207 1924 284 1980; x_wconf 85' lang='lat' dir='ltr'>forte</span> <span class='ocrx_word' id='word_1_98' title='bbox 296 1921 384 1980; x_wconf 85' lang='lat' dir='ltr'>simul</span> <span class='ocrx_word' id='word_1_99' title='bbox 398 1919 508 1978; x_wconf 81' lang='lat' dir='ltr'>excidit</span> <span class='ocrx_word' id='word_1_100' title='bbox 521 1919 698 1994; x_wconf 72' lang='lat' dir='ltr'>adjectivum</span> <span class='ocrx_word' id='word_1_101' title='bbox 712 1919 791 1994; x_wconf 92' lang='lat' dir='ltr'>quod</span> <span class='ocrx_word' id='word_1_102' title='bbox 804 1928 848 1978; x_wconf 87' lang='lat' dir='ltr'>est</span> <span class='ocrx_word' id='word_1_103' title='bbox 860 1921 963 1978; x_wconf 77' lang='lat' dir='ltr'>nimios</span> <span class='ocrx_word' id='word_1_104' title='bbox 970 1943 981 1991; x_wconf 92' lang='lat'>,·</span> <span class='ocrx_word' id='word_1_105' title='bbox 1000 1929 1036 1977; x_wconf 89' lang='lat' dir='ltr'>ut</span> <span class='ocrx_word' id='word_1_106' title='bbox 1049 1919 1161 1996; x_wconf 70' lang='lat' dir='ltr'>syllaba</span> 
     </span>
     <span class='ocr_line' id='line_1_14' title="bbox 206 2019 1167 2096; baseline -0.002 -17"><span class='ocrx_word' id='word_1_107' title='bbox 206 2023 239 2079; x_wconf 84' lang='lat' dir='ltr'>m&#39;</span> <span class='ocrx_word' id='word_1_108' title='bbox 249 2023 280 2079; x_wconf 89' lang='lat' dir='ltr'>in</span> <span class='ocrx_word' id='word_1_109' title='bbox 293 2021 363 2079; x_wconf 70' lang='lat' dir='ltr'>aito</span> <span class='ocrx_word' id='word_1_110' title='bbox 374 2020 498 2096; x_wconf 87' lang='lat' dir='ltr'>repetita</span> <span class='ocrx_word' id='word_1_111' title='bbox 510 2039 596 2077; x_wconf 85' lang='lat' dir='ltr'>cause</span> <span class='ocrx_word' id='word_1_112' title='bbox 609 2027 706 2076; x_wconf 82' lang='lat' dir='ltr'>exstet</span> <span class='ocrx_word' id='word_1_113' title='bbox 715 2019 842 2077; x_wconf 83' lang='lat' dir='ltr'>lacunae.</span> <span class='ocrx_word' id='word_1_114' title='bbox 882 2020 1028 2078; x_wconf 74' lang='lat' dir='ltr'>Fortasse:</span> <span class='ocrx_word' id='word_1_115' title='bbox 1044 2029 1167 2095; x_wconf 73' lang='lat' dir='ltr'>proptor,</span> 
     </span>
     <span class='ocr_line' id='line_1_15' title="bbox 207 2139 328 2194; baseline -0.017 -15"><span class='ocrx_word' id='word_1_116' title='bbox 207 2139 250 2179; x_wconf 79' lang='lat' dir='ltr'>res</span> <span class='ocrx_word' id='word_1_117' title='bbox 262 2139 328 2194; x_wconf 63' lang='lat' dir='ltr'>ejus.</span> 
     </span>
    </p>
   </div>
   <div class='ocr_carea' id='block_1_8' title="bbox 210 2259 1158 2454">
    <p class='ocr_par' dir='ltr' id='par_1_8' title="bbox 210 2259 1158 2454">
     <span class='ocr_line' id='line_1_16' title="bbox 252 2259 1158 2348; baseline 0.007 -28"><span class='ocrx_word' id='word_1_118' title='bbox 252 2307 296 2320; x_wconf 86' lang='grc'>..</span> <span class='ocrx_word' id='word_1_119' title='bbox 313 2268 382 2331; x_wconf 84' lang='lat'><strong>19.:</strong></span> <span class='ocrx_word' id='word_1_120' title='bbox 406 2260 497 2347; x_wconf 88' lang='lat' dir='ltr'>“qui</span> <span class='ocrx_word' id='word_1_121' title='bbox 512 2259 614 2348; x_wconf 89' lang='lat' dir='ltr'>(libri)</span> <span class='ocrx_word' id='word_1_122' title='bbox 631 2281 822 2345; x_wconf 83' lang='lat' dir='ltr'>quamquam</span> <span class='ocrx_word' id='word_1_123' title='bbox 840 2260 968 2347; x_wconf 86' lang='lat' dir='ltr'>plurimi</span> <span class='ocrx_word' id='word_1_124' title='bbox 982 2271 1067 2340; x_wconf 87' lang='lat' dir='ltr'>sunt,</span> <span class='ocrx_word' id='word_1_125' title='bbox 1084 2261 1158 2326; x_wconf 89' lang='lat' dir='ltr'>doo-</span> 
     </span>
     <span class='ocr_line' id='line_1_17' title="bbox 210 2369 922 2454; baseline -0.006 -16"><span class='ocrx_word' id='word_1_126' title='bbox 210 2381 311 2440; x_wconf 88' lang='lat' dir='ltr'>torem</span> <span class='ocrx_word' id='word_1_127' title='bbox 325 2379 431 2436; x_wconf 82' lang='lat' dir='ltr'>tamen</span> <span class='ocrx_word' id='word_1_128' title='bbox 444 2369 700 2454; x_wconf 77' lang='lat' dir='ltr'>nonnumquam*</span> <span class='ocrx_word' id='word_1_129' title='bbox 716 2369 922 2435; x_wconf 82' lang='lat' dir='ltr'>desiderent.”</span> 
     </span>
    </p>
   </div>
   <div class='ocr_carea' id='block_1_9' title="bbox 194 2501 1269 2578">
    <p class='ocr_par' dir='ltr' id='par_1_9' title="bbox 194 2501 1269 2578">
     <span class='ocr_line' id='line_1_18' title="bbox 194 2501 1269 2578; baseline 0 -18"><span class='ocrx_word' id='word_1_130' title='bbox 194 2513 199 2522; x_wconf 89' lang='grc'><strong><em>·</em></strong></span> <span class='ocrx_word' id='word_1_131' title='bbox 248 2502 326 2562; x_wconf 89' lang='lat' dir='ltr'>Med.</span> <span class='ocrx_word' id='word_1_132' title='bbox 352 2521 499 2578; x_wconf 74' lang='lat' dir='ltr'>uarumque.</span> <span class='ocrx_word' id='word_1_133' title='bbox 546 2501 694 2560; x_wconf 76' lang='lat' dir='ltr'>Fortasse:</span> <span class='ocrx_word' id='word_1_134' title='bbox 722 2520 808 2560; x_wconf 77' lang='lat' dir='ltr'>anum</span> <span class='ocrx_word' id='word_1_135' title='bbox 832 2502 1008 2577; x_wconf 70' lang='lat' dir='ltr'>altoremque,</span> <span class='ocrx_word' id='word_1_136' title='bbox 1036 2503 1084 2560; x_wconf 87' lang='lat' dir='ltr'>vel</span> <span class='ocrx_word' id='word_1_137' title='bbox 1102 2521 1159 2560; x_wconf 77' lang='lat' dir='ltr'>aon</span> <span class='ocrx_word' id='word_1_138' title='bbox 1265 2537 1269 2544; x_wconf 93' lang='lat'>·</span> 
     </span>
    </p>
   </div>
   <div class='ocr_carea' id='block_1_10' title="bbox 209 2623 305 2662">
    <p class='ocr_par' dir='ltr' id='par_1_10' title="bbox 209 2623 305 2662">
     <span class='ocr_line' id='line_1_19' title="bbox 209 2623 305 2662; baseline 0 0"><span class='ocrx_word' id='word_1_139' title='bbox 209 2623 305 2662; x_wconf 67' lang='lat' dir='ltr'>imum.</span> 
     </span>
    </p>
   </div>
   <div class='ocr_carea' id='block_1_11' title="bbox 142 2743 1156 2940">
    <p class='ocr_par' dir='ltr' id='par_1_11' title="bbox 142 2743 1156 2940">
     <span class='ocr_line' id='line_1_20' title="bbox 142 2743 1156 2831; baseline 0.001 -20"><span class='ocrx_word' id='word_1_140' title='bbox 142 2823 144 2828; x_wconf 23' lang='grc' dir='ltr'>Ι</span> <span class='ocrx_word' id='word_1_141' title='bbox 253 2751 407 2812; x_wconf 79' lang='lat'><strong>-24.1.</strong></span> <span class='ocrx_word' id='word_1_142' title='bbox 431 2743 596 2810; x_wconf 84' lang='lat' dir='ltr'>“Amoris</span> <span class='ocrx_word' id='word_1_143' title='bbox 619 2743 747 2830; x_wconf 90' lang='lat' dir='ltr'>quidem</span> <span class='ocrx_word' id='word_1_144' title='bbox 770 2744 828 2823; x_wconf 92' lang='lat' dir='ltr'>tui,</span> <span class='ocrx_word' id='word_1_145' title='bbox 855 2767 983 2831; x_wconf 90' lang='lat' dir='ltr'>quoquo</span> <span class='ocrx_word' id='word_1_146' title='bbox 997 2769 1048 2811; x_wconf 92' lang='lat' dir='ltr'>me</span> <span class='ocrx_word' id='word_1_147' title='bbox 1062 2747 1156 2823; x_wconf 87' lang='lat' dir='ltr'>verti,</span> 
     </span>
     <span class='ocr_line' id='line_1_21' title="bbox 210 2851 394 2940; baseline 0 -20"><span class='ocrx_word' id='word_1_148' title='bbox 210 2851 394 2940; x_wconf 56' lang='lat' dir='ltr'>vesdgiff?</span> 
     </span>
    </p>
   </div>
   <div class='ocr_carea' id='block_1_12' title="bbox 208 2941 1157 3159">
    <p class='ocr_par' dir='ltr' id='par_1_12' title="bbox 208 2941 1157 3159">
     <span class='ocr_line' id='line_1_22' title="bbox 248 2941 1157 3058; baseline 0 -18"><span class='ocrx_word' id='word_1_149' title='bbox 248 2981 381 3040; x_wconf 75' lang='lat' dir='ltr'>Fortasse</span> <span class='ocrx_word' id='word_1_150' title='bbox 394 2981 453 3039; x_wconf 76' lang='lat' dir='ltr'>vidi</span> <span class='ocrx_word' id='word_1_151' title='bbox 462 2941 580 3057; x_wconf 68' lang='lat' dir='ltr'>vest&#39;qia.</span> <span class='ocrx_word' id='word_1_152' title='bbox 620 2979 696 3039; x_wconf 88' lang='lat' dir='ltr'>Nam</span> <span class='ocrx_word' id='word_1_153' title='bbox 715 2979 752 3040; x_wconf 89' lang='lat' dir='ltr'>de</span> <span class='ocrx_word' id='word_1_154' title='bbox 764 2981 1041 3058; x_wconf 87' lang='lat' dir='ltr'>alliterationequae</span> <span class='ocrx_word' id='word_1_155' title='bbox 1055 2983 1106 3041; x_wconf 91' lang='lat' dir='ltr'>fiat</span> <span class='ocrx_word' id='word_1_156' title='bbox 1125 2985 1157 3040; x_wconf 87' lang='lat' dir='ltr'>in</span> 
     </span>
     <span class='ocr_line' id='line_1_23' title="bbox 208 3079 1066 3159; baseline 0 -17"><span class='ocrx_word' id='word_1_157' title='bbox 208 3083 275 3142; x_wconf 77' lang='lat' dir='ltr'>verti</span> <span class='ocrx_word' id='word_1_158' title='bbox 286 3081 345 3140; x_wconf 68' lang='lat' dir='ltr'>vids·</span> <span class='ocrx_word' id='word_1_159' title='bbox 356 3081 467 3156; x_wconf 63' lang='lat' dir='ltr'>tertiora</span> <span class='ocrx_word' id='word_1_160' title='bbox 479 3081 535 3140; x_wconf 84' lang='lat' dir='ltr'>vid.</span> <span class='ocrx_word' id='word_1_161' title='bbox 551 3080 648 3138; x_wconf 82' lang='lat' dir='ltr'>Helm.</span> <span class='ocrx_word' id='word_1_162' title='bbox 662 3079 698 3138; x_wconf 84' lang='lat' dir='ltr'>ed</span> <span class='ocrx_word' id='word_1_163' title='bbox 705 3100 738 3157; x_wconf 78' lang='lat' dir='ltr'>p.</span> <span class='ocrx_word' id='word_1_164' title='bbox 751 3079 819 3142; x_wconf 81' lang='lat' dir='ltr'>Sest.</span> <span class='ocrx_word' id='word_1_165' title='bbox 833 3101 862 3159; x_wconf 91' lang='lat' dir='ltr'>p.</span> <span class='ocrx_word' id='word_1_166' title='bbox 878 3081 941 3143; x_wconf 88' lang='grc'>166.</span> <span class='ocrx_word' id='word_1_167' title='bbox 957 3093 987 3142; x_wconf 90' lang='lat' dir='ltr'>et</span> <span class='ocrx_word' id='word_1_168' title='bbox 1003 3086 1066 3142; x_wconf 81' lang='lat'><strong>184.</strong></span> 
     </span>
    </p>
   </div>
   <div class='ocr_carea' id='block_1_13' title="bbox 227 3215 1293 3323">
    <p class='ocr_par' dir='ltr' id='par_1_13' title="bbox 227 3215 1293 3323">
     <span class='ocr_line' id='line_1_24' title="bbox 227 3215 1293 3323; baseline -0.001 -11"><span class='ocrx_word' id='word_1_169' title='bbox 227 3307 229 3312; x_wconf 89' lang='lat'><strong>.</strong></span> <span class='ocrx_word' id='word_1_170' title='bbox 255 3242 362 3310; x_wconf 87' lang='lat' dir='ltr'><strong>VIII.</strong></span> <span class='ocrx_word' id='word_1_171' title='bbox 388 3247 438 3308; x_wconf 87' lang='lat'>14.</span> <span class='ocrx_word' id='word_1_172' title='bbox 453 3248 499 3308; x_wconf 80' lang='lat'>2.:</span> <span class='ocrx_word' id='word_1_173' title='bbox 523 3250 545 3284; x_wconf 88' lang='lat'><strong>“</strong></span> <span class='ocrx_word' id='word_1_174' title='bbox 557 3263 682 3310; x_wconf 82' lang='lat' dir='ltr'>eausam</span> <span class='ocrx_word' id='word_1_175' title='bbox 695 3242 792 3323; x_wconf 83' lang='lat' dir='ltr'>illam,</span> <span class='ocrx_word' id='word_1_176' title='bbox 809 3217 1045 3314; x_wconf 78' lang='lat' dir='ltr'>nori*homines</span> <span class='ocrx_word' id='word_1_177' title='bbox 1060 3248 1140 3313; x_wconf 92' lang='lat' dir='ltr'>odi.”</span> <span class='ocrx_word' id='word_1_178' title='bbox 1168 3311 1170 3320; x_wconf 86' lang='grc'>,</span> <span class='ocrx_word' id='word_1_179' title='bbox 1275 3215 1293 3297; x_wconf 11' lang='lat' dir='ltr'>-i</span> 
     </span>
    </p>
   </div>
   <div class='ocr_carea' id='block_1_14' title="bbox 249 3372 788 3452">
    <p class='ocr_par' dir='ltr' id='par_1_14' title="bbox 249 3372 788 3452">
     <span class='ocr_line' id='line_1_25' title="bbox 249 3372 788 3452; baseline -0.004 -18"><span class='ocrx_word' id='word_1_180' title='bbox 249 3373 325 3434; x_wconf 85' lang='lat' dir='ltr'>Med.</span> <span class='ocrx_word' id='word_1_181' title='bbox 338 3373 417 3432; x_wconf 78' lang='lat' dir='ltr'>unde</span> <span class='ocrx_word' id='word_1_182' title='bbox 457 3372 604 3432; x_wconf 83' lang='lat' dir='ltr'>Fortasse:</span> <span class='ocrx_word' id='word_1_183' title='bbox 623 3375 788 3452; x_wconf 62' lang='lat' dir='ltr'>noratque.</span> 
     </span>
    </p>
   </div>
   <div class='ocr_carea' id='block_1_15' title="bbox 214 3513 1156 3831">
    <p class='ocr_par' dir='ltr' id='par_1_15' title="bbox 214 3513 1156 3831">
     <span class='ocr_line' id='line_1_26' title="bbox 257 3513 1155 3604; baseline 0.003 -23"><span class='ocrx_word' id='word_1_184' title='bbox 257 3515 324 3582; x_wconf 93' lang='lat' dir='ltr'>IX.</span> <span class='ocrx_word' id='word_1_185' title='bbox 347 3522 377 3582; x_wconf 89' lang='lat'>8.</span> <span class='ocrx_word' id='word_1_186' title='bbox 396 3521 440 3580; x_wconf 85' lang='lat' dir='ltr'>l.:</span> <span class='ocrx_word' id='word_1_187' title='bbox 463 3513 592 3581; x_wconf 85' lang='lat' dir='ltr'>“Nosti</span> <span class='ocrx_word' id='word_1_188' title='bbox 612 3516 696 3584; x_wconf 91' lang='lat' dir='ltr'>enim</span> <span class='ocrx_word' id='word_1_189' title='bbox 710 3516 916 3604; x_wconf 71' lang='lat' dir='ltr'>profectam*</span> <span class='ocrx_word' id='word_1_190' title='bbox 932 3517 1019 3604; x_wconf 77' lang='lat' dir='ltr'>ejus*</span> <span class='ocrx_word' id='word_1_191' title='bbox 1034 3519 1155 3585; x_wconf 83' lang='lat' dir='ltr'>adoles·</span> 
     </span>
     <span class='ocr_line' id='line_1_27' title="bbox 214 3621 593 3693; baseline -0.008 0"><span class='ocrx_word' id='word_1_192' title='bbox 214 3622 359 3693; x_wconf 87' lang='lat' dir='ltr'>oentioris</span> <span class='ocrx_word' id='word_1_193' title='bbox 373 3621 593 3690; x_wconf 57' lang='lat' dir='ltr'>Aoademiae?</span> 
     </span>
     <span class='ocr_line' id='line_1_28' title="bbox 250 3755 1156 3831; baseline 0 -13"><span class='ocrx_word' id='word_1_194' title='bbox 250 3757 341 3818; x_wconf 81' lang='lat' dir='ltr'>Recte</span> <span class='ocrx_word' id='word_1_195' title='bbox 352 3755 494 3817; x_wconf 85' lang='lat' dir='ltr'>Orellius:</span> <span class='ocrx_word' id='word_1_196' title='bbox 515 3761 534 3792; x_wconf 90' lang='grc'><strong>“</strong></span> <span class='ocrx_word' id='word_1_197' title='bbox 541 3757 719 3831; x_wconf 90' lang='lat' dir='ltr'>Videndum,</span> <span class='ocrx_word' id='word_1_198' title='bbox 729 3777 804 3820; x_wconf 86' lang='lat' dir='ltr'>anne</span> <span class='ocrx_word' id='word_1_199' title='bbox 811 3759 900 3819; x_wconf 73' lang='lat' dir='ltr'>lateat</span> <span class='ocrx_word' id='word_1_200' title='bbox 909 3777 969 3818; x_wconf 83' lang='lat' dir='ltr'>voc.</span> <span class='ocrx_word' id='word_1_201' title='bbox 984 3759 1156 3819; x_wconf 77' lang='lat' dir='ltr'>Gmeeum.&#39;’</span> 
     </span>
    </p>
   </div>
   <div class='ocr_carea' id='block_1_16' title="bbox 0 0 1320 4506">
    <p class='ocr_par' dir='ltr' id='par_1_16' title="bbox 0 0 1320 4506">
     <span class='ocr_line' id='line_1_29' title="bbox 0 0 1320 4506; baseline 0 0"><span class='ocrx_word' id='word_1_202' title='bbox 0 0 1320 4506; x_wconf 95' lang='lat' dir='ltr'> </span> 
     </span>
    </p>
   </div>
  </div>
 </body>
</html>
