2632 4506
359 415 405 474 IN
425 413 681 474 FRAGMENTA
702 413 765 472 DE
782 414 903 474 FATO.
1076 414 1111 478 17

158 597 224 639 nem
234 578 345 655 legitur
349 580 482 654 placitum
486 603 497 652 ;
510 599 563 638 nec
572 581 681 636 mirum
690 588 794 648 tamen,
805 581 837 649 si,
850 580 1020 657 fragmentis
1028 581 1111 638 novis

157 681 382 756 emergentibus
407 681 495 738 etiam
521 681 661 738 vocabula
684 681 803 756 aliquot,
832 701 958 757 quorum
981 681 1113 757 exempla

158 780 242 838 nulla
255 779 376 838 antehac
389 781 567 862 exstiterint,
583 791 747 857 emergunt.
790 783 870 850 Quae
884 783 1002 858 quidem
1013 785 1110 842 obser-

157 881 238 939 vatio
258 891 356 958 potest
379 883 517 940 etiamad
535 883 593 949 ⁴alia
611 903 704 958 panca
723 884 754 940 in
767 884 813 941 his
827 885 997 958 fragmentis
1017 893 1113 942 trans-

157 982 237 1040 ferri.
272 981 339 1039 Non
353 983 422 1039 alibi
436 981 520 1058 apud¹
533 983 698 1040 Ciceronem
717 983 827 1058 legitur
836 983 979 1057 praesum.
1014 983 1113 1052 Quid?

163 1101 252 1160 quam
265 1083 368 1153 multa,
389 1102 502 1158 quaeso,
526 1083 640 1158 inipso
662 1083 740 1142 edito
760 1084 836 1142 libro
859 1086 891 1142 de
908 1085 982 1142 Fato
1003 1088 1112 1162 reperi-

158 1191 262 1253 untur,
285 1203 358 1258 quae
379 1203 524 1259 nusquam
546 1184 616 1242 alibi
639 1185 716 1260 apud
735 1185 903 1243 Ciceronem
926 1184 1063 1244 exstent?
1077 1195 1114 1244 ut

158 1284 268 1354 bardus,
280 1285 433 1360 confatalia,
443 1295 565 1354 conserte,
580 1295 708 1355 contecto,
725 1289 862 1356 edomitas,
878 1289 1025 1363 officiosa,
1034 1309 1113 1364 praa

157 1395 241 1454 sator,
263 1385 472 1456 immutabilitas,
487 1385 673 1455 inenodabilis,
688 1386 853 1458 mulierosus,
879 1389 1025 1460 obturatus,
1036 1392 1114 1465 pitu-

158 1487 250 1554 coam,
260 1485 438 1560 principalia,
459 1485 601 1544 adseratur·
642 1487 741 1556 Haeo,¹
756 1489 866 1564 opinor,
886 1510 1031 1566 nusquam
1044 1492 1115 1548 alibi

158 1585 236 1661 apud
256 1585 422 1642 Ciceronem
437 1585 587 1661 leguntur.
627 1587 657 1643 N
658 1607 695 1643 on
709 1587 778 1645 adeo
792 1589 900 1646 mirum
913 1597 957 1646 est
970 1591 1073 1666 igitur,
1090 1593 1114 1647 si

157 1704 247 1746 novae
266 1686 496 1762 fragmentorum
516 1687 688 1746 accessiones
709 1689 796 1746 etiam
810 1691 896 1748 semel
909 1689 1055 1750 dictorum
1069 1713 1115 1750 oo-

157 1791 235 1869 piam
249 1792 434 1866 aliquantum
447 1791 603 1867 adaugent.

198 1912 237 1992 (³)
243 1915 316 1988 fidat
330 1923 366 1972 ast
376 1911 440 1990 -.]
456 1913 523 1970 Non
536 1913 643 1970 desunt
656 1914 734 1990 apud
749 1914 806 1973 Cio.
821 1917 979 1976 accusativi
992 1919 1109 1996 quidem

150 2017 236 2092 fidem
249 2017 390 2091 exempla,
414 2035 506 2090 quum
527 2015 693 2074 infinitivus
713 2017 878 2092 objectivus
898 2017 937 2075 sit
950 2039 988 2076 ex
1004 2039 1037 2076 eo
1050 2039 1113 2077 sua-

157 2137 279 2194 pensus3
299 2117 472 2174 nominativi
494 2136 561 2174 cum
582 2119 671 2176 verbo
692 2119 876 2176 substantivo
897 2121 1062 2197 exemplum
1082 2121 1114 2178 in

158 2219 256 2277 eodem
269 2237 327 2278 usu
340 2218 426 2275 credo
439 2218 556 2275 nullum
569 2237 639 2277 esse.
668 2217 734 2287 sed,
749 2221 774 2276 ai
786 2221 928 2281 vocabula
936 2241 1010 2278 nova
1020 2223 1114 2280 multa

157 2320 189 2376 in
201 2319 281 2377 huno
293 2319 403 2376 librum
424 2319 537 2389 intulit,
560 2327 597 2376 ut
609 2319 686 2388 fecit,
708 2320 816 2395 potuit,
838 2321 948 2396 opinor,
970 2322 1056 2380 etiam
1070 2322 1113 2380 di-

157 2418 241 2478 cendi
253 2419 371 2477 modum
386 2420 510 2495 quadam
524 2439 561 2476 ex
573 2427 658 2496 parte
670 2419 846 2478 inusitatum
858 2421 976 2480 inferre.

197 2541 234 2619 (⁴)
243 2539 423 2619 parumper]
436 2543 547 2618 Nempe
559 2541 712 2617 tantisper,
724 2543 834 2618 opinor,
850 2543 921 2600 dum
938 2544 1050 2620 aliquid
1063 2565 1113 2604 ex·

156 2643 273 2717 cogitet,
289 2643 366 2717 quod
379 2643 456 2700 inter
469 2642 694 2718 intelligentiam
709 2661 792 2700 suam
805 2651 835 2701 et
847 2643 931 2720 vulgi
944 2645 1112 2704 tarditatem

155 2743 266 2818 ingenii
279 2743 362 2818 quasi
374 2743 563 2801 intervallum
581 2742 701 2818 aliquod
717 2743 893 2820 interponat.
932 2745 1113 2822 Interpretor

155 2854 276 2921 propter
288 2845 386 2901 virum
409 2845 562 2920 quemdam
581 2843 819 2921 hypercriticum‚
841 2846 893 2920 qui
906 2847 995 2904 etiam
1007 2847 1039 2904 in
1058 2847 1114 2905 hoc

156 2945 297 3002 vocabulo
311 2963 424 3002 oausam
435 2944 612 3020 quaesiverit
624 2945 827 3028 calumniandi,
843 2947 925 3022 quasi
937 2968 991 3025 pro
1005 2947 1113 3026 aliqua-

156 3054 232 3104 tenus
245 3053 319 3104 esset
332 3045 469 3122 positum.

202 3195 233 3255 2.
258 3185 380 3253 “Vide
394 3187 473 3273 quid
497 3211 587 3274 agas3
610 3189 770 3275 acipenser
788 3187 849 3254 iste
871 3213 1043 3276 paucorum
1054 3193 1111 3258 ho-

157 3297 280 3366 minum
291 3307 349 3364 est.
385 3297 522 3379 Quaeso,
534 3299 619 3383 quod
632 3299 752 3364 exclusi
762 3299 1019 3387 triclinioplures
1030 3305 1110 3370 acci·

157 3407 296 3494 penseris
311 3405 430 3471 deliciis
449 3428 585 3486 caruere,
607 3431 648 3472 an
662 3408 710 3473 vis
724 3408 909 3474 immutatae
923 3405 1107 3491 voluntatis,

157 3537 239 3604 quae
252 3514 347 3600 plaga
361 3513 545 3580 Democrito
560 3524 618 3592 est,
632 3514 736 3580 effecit
750 3537 791 3580 ex
805 3516 940 3600 eoquod
953 3515 988 3580 in
1001 3540 1110 3584 aurem

159 3622 314 3710 Scipionis
331 3621 507 3688 instillavit·
517 3621 679 3688 Pontius?
701 3647 742 3688 an
760 3623 920 3708 acipenser
938 3625 1108 3710 capiendus

156 3741 190 3799 et
206 3730 313 3816 Scipio
334 3739 368 3797 et
391 3729 527 3796 Pontius
542 3739 576 3796 et
598 3731 760 3800 coenaturi
783 3731 876 3800 simul
898 3741 931 3800 et
944 3733 1029 3802 non*
1044 3758 1108 3801 una

579 3858 600 3902 a
615 3841 634 3904 2
