2632 4506
370 460 415 522 IN
435 462 680 522 SCRIPTORES
701 459 860 520 VARIOS.
1063 465 1101 522 23

147 639 198 688 tur
219 629 358 706 Augusto
370 626 405 686 ?”
447 629 561 704 Quippe
582 627 690 686 diserte
710 634 838 686 testatur
859 625 1019 686 Suetonius
1041 647 1102 704 cap.

148 732 203 799 78,
225 749 284 788 non
305 730 430 806 amplius
452 730 551 799 istum,
574 749 666 804 quum
687 729 858 805 plurimum,
882 747 968 804 quam
991 737 1103 806 septem

147 832 240 901 horas,
255 831 374 889 solitum
387 831 520 889 dormire
542 831 626 899 Quod
635 850 704 888 vero
717 830 794 888 idem
805 829 990 888 scribendum
1004 839 1103 890 censet

147 933 270 1008 oleaeque
279 933 319 990 od
326 950 461 989 summum
471 931 675 1006 intenperactia
684 929 783 1009 (quam
791 931 1102 988 emendationemsum-

149 1032 202 1088 mis
215 1031 351 1089 laudibus
368 1032 478 1108 excipit
499 1032 532 1088 P.
548 1030 714 1088 Hoffmann.
737 1030 917 1122 Peerlkamp.
945 1028 1017 1088 Bibl.
1035 1029 1102 1088 Ora

91 1170 94 1176 .
148 1133 285 1191 Nouvol.
295 1135 334 1191 V.
344 1154 371 1209 p.
386 1131 477 1210 530.),
492 1133 630 1190 advocato
639 1133 788 1201 Suetonio,
800 1132 860 1208 qui,
873 1139 968 1190 cetera
982 1133 1104 1189 crimina

149 1235 307 1304 amolitum,
322 1235 419 1310 ipsum
430 1235 507 1292 aleae
520 1253 666 1291 rumorem
684 1253 742 1290 non
756 1233 912 1290 declinasse
925 1233 1041 1302 scribat,
1056 1233 1104 1290 vel

149 1341 309 1401 constituta
329 1349 438 1409 aetate,
458 1360 516 1396 non
538 1341 641 1398 scribit
663 1339 822 1396 Suetonius
836 1339 1009 1414 Augustum
1026 1339 1103 1398 eleae
1159 1387 1160 1390 η

147 1461 293 1499 rumorem
319 1460 375 1498 coc
400 1439 555 1510 dedicasse,
581 1440 663 1515 quasi
690 1459 748 1496 non
769 1438 882 1496 invitus
904 1449 1103 1516 atqueaeque

148 1541 242 1596 animo
258 1559 404 1598 rumorem
426 1539 507 1596 hunc
528 1540 664 1596 subiisset
678 1559 710 1596 ac
730 1540 901 1615 suscepisset
914 1559 1016 1615 neque,
1031 1550 1067 1597 ut
1087 1560 1104 1598 a

147 1662 177 1700 se
190 1651 334 1700 averteret
347 1651 436 1718 atque
449 1649 602 1710 amoveret,
626 1659 741 1716 operam
755 1640 888 1698 dedisset·
929 1640 987 1699 Sed
1000 1641 1103 1698 scribit

149 1749 167 1774 ‘⁸
177 1742 340 1799 nullomodo
351 1743 514 1816 capacisse.’'
536 1741 703 1816 Veriusque
717 1740 825 1798 diceres
836 1740 1001 1812 declinasse,
1016 1760 1103 1816 quam

147 1859 205 1896 non
226 1841 389 1897 declinasse.
430 1842 514 1898 Sicut
535 1861 567 1898 re
586 1861 655 1898 vera
674 1841 838 1910 declinavit,
862 1841 911 1899 sed
935 1861 987 1899 suo
1008 1842 1102 1899 modo.
1143 1843 1147 1850 '

149 1939 225 1994 Nam
236 1958 294 1996 non
308 1939 465 1996 desistebat
478 1939 578 1996 ludere
593 1959 710 1997 rumore
730 1939 898 2010 deterritus,
920 1941 970 1998 sed
982 1941 1103 1999 ludebat

150 2039 318 2114 simpliciter
329 2048 358 2096 et
371 2039 475 2114 palam,
489 2050 525 2097 ut
538 2041 621 2098 facile
634 2049 792 2116 appareret,
808 2042 1010 2100 oblectamenti
1018 2063 1103 2101 causa

150 2160 225 2210 eum,
237 2161 295 2197 non
308 2141 442 2198 lucrandi
456 2141 553 2198 studio
566 2142 742 2217 perdendive
752 2143 916 2201 temeritate
929 2145 1045 2215 ludere;
1066 2153 1102 2202 ut

149 2244 201 2300 vix
214 2244 304 2319 magis
326 2245 402 2302 aleae
422 2245 531 2302 crimen
551 2264 637 2320 quam
659 2245 865 2303 somnolentiae
883 2247 914 2302 in
928 2247 1102 2322 Augustum

150 2343 241 2401 cadat.
272 2344 329 2402 Sed
341 2363 440 2402 veram
454 2344 624 2402 emendandi
637 2346 722 2414 viam,
741 2345 798 2402 nisi
820 2345 913 2416 fallor,
937 2346 1015 2404 idem
1029 2346 1101 2405 Sue

149 2445 248 2501 tonius
261 2445 317 2502 alio
331 2445 392 2502 loco
406 2443 442 2522 (c.
457 2443 519 2520 43.)
531 2445 681 2513 indicabit,
695 2445 748 2502 ubi
761 2445 811 2513 ait,
827 2446 1058 2521 spectaculorum
1071 2456 1102 2506 et

149 2545 319 2602 assiduitate
331 2553 362 2602 et
377 2545 517 2602 varietate
530 2553 618 2620 atque
630 2545 843 2620 magnificentia
855 2546 1028 2622 Augustum
1041 2567 1100 2606 om-

148 2663 200 2702 nes
214 2645 402 2704 antecessisse
430 2643 621 2704 Scribendum
634 2666 710 2722 ergo,
726 2647 841 2722 opinor:
862 2648 995 2723 usquead
1005 2666 1101 2722 sump-

148 2755 205 2802 tum
237 2746 296 2822 (vel
316 2743 445 2824 sumtum)
468 2748 689 2822 intemperantia:
716 2764 783 2804 nam
809 2747 892 2804 facile
914 2755 1028 2823 poterat
1054 2748 1101 2806 vel

152 2857 268 2905 sumtum
283 2849 450 2906 insomnem
463 2849 543 2906 abire
556 2849 603 2907 vel
615 2858 750 2926 sumptam
763 2849 794 2907 in
807 2868 956 2926 sompnum
