2632 4506
227 437 263 494 ra
497 431 543 492 nt
562 431 713 490 arrsrr.
733 391 794 489 Aa
813 431 903 490 arr.

226 595 427 673 lescentem*,
452 604 491 660 ut
513 595 611 671 nosti;
634 604 667 660 et
690 593 781 671 adde,
805 593 832 659 si
852 593 929 680 quid
949 594 1007 673 vis,
1028 599 1179 682 probum:

229 703 310 768 nihil
324 703 391 770 vidi
404 702 545 768 melius.”

265 833 468 911 Supplendum
490 850 604 892 censeo:
625 833 812 891 adamam
832 831 969 912 [castum
984 834 1179 914 diligentem}

226 944 257 992 ut
270 936 348 992 acati.
388 933 431 991 ef.
445 933 483 991 vi
498 932 525 996 7.
536 936 572 1002 2.,
599 932 711 991 “Nihil
724 933 801 991 enim
813 934 865 991 illo
879 934 1058 994 adolescente
1071 938 1180 1004 castius,

226 1037 303 1094 nihil
324 1035 505 1112 diliymiaass’
545 1034 581 1093 In
596 1034 653 1093 fine
675 1043 774 1092 autem
794 1054 848 1112 pro
869 1034 964 1094 melias
989 1036 1089 1094 mallet
1116 1038 1182 1112 quis
1298 1099 1299 1110 ,

228 1138 324 1214 maffia,
339 1155 378 1194 sc.
392 1137 526 1212 probum.

272 1300 316 1310 -
335 1261 366 1321 3.
385 1261 417 1320 5.
441 1254 581 1321 “Video
598 1302 606 1319 .
623 1302 631 1318 .
648 1301 657 1318 .
672 1276 780 1320 omnes
789 1254 963 1334 damnatos,
975 1279 1083 1322 onmes
1091 1257 1182 1344 igno-

230 1363 327 1430 minia
355 1363 483 1429 affectos
500 1411 509 1426 .
526 1410 534 1427 .
552 1410 559 1427 .
574 1363 646 1430 illac
667 1363 769 1438 facere
785 1407 793 1428 .
811 1411 819 1428 .
836 1412 844 1428 .
860 1387 986 1430 omnem
1013 1365 1101 1430 illam
1129 1391 1182 1432 ur-

230 1474 345 1538 banam
355 1493 391 1537 ac
405 1471 561 1557 perditem
575 1471 710 1558 plebem,
729 1518 737 1535 .
755 1518 763 1535 .
780 1518 789 1535 .
805 1473 983 1558 omnesqui
994 1479 1065 1540 acre
1080 1474 1181 1541 alieno

231 1590 416 1668 premantur
432 1627 440 1643 .
456 1627 465 1644 .
482 1602 510 1643 .:
533 1578 679 1644 causam*
695 1580 797 1646 solum
811 1580 866 1646 illa
879 1603 973 1647 causa
987 1604 1051 1648 non
1065 1583 1180 1659 habet3

232 1689 344 1755 ceteris
358 1690 452 1754 rebus
466 1687 636 1753 abundat.”

271 1821 373 1879 Scribe
394 1838 502 1878 censam
523 1817 618 1890 solum,
641 1819 659 1877 i.
674 1838 697 1877 e.
718 1817 848 1878 homines
869 1820 966 1896 aliquo
990 1840 1086 1882 censu.
1141 1825 1184 1882 ef.

226 1941 280 1998 pro
293 1921 397 1980 Flacco
411 1923 457 1978 22.
471 1923 529 1990 52„
558 1921 747 1980 “Trallianos
761 1921 926 1980 Maeandrio
940 1941 1055 1980 causam
1067 1927 1185 1982 commi-

231 2023 310 2090 sisse,
321 2019 432 2078 homini
442 2020 547 2096 egenti,
559 2019 682 2091 sordido,
694 2020 755 2078 sinc
764 2020 881 2092 honore,
892 2021 952 2079 sine
962 2011 1184 2092 existimatione,

233 2123 295 2180 sine
308 2121 417 2180 ceaaa.’'

276 2286 320 2298 -
339 2249 371 2308 4.
395 2249 422 2306 l.
447 2240 586 2324 “Quem
601 2240 739 2342 ¹quidem
762 2241 898 2329 cognovi
920 2265 1020 2330 quum
1042 2245 1182 2320 dootum‚

235 2353 322 2438 quod
335 2350 414 2416 mihi
423 2351 491 2435 jam
513 2359 587 2415 ante
610 2360 678 2414 erat
694 2360 816 2428 notum,
837 2361 907 2416 tum
927 2352 1102 2430 sanctum*,
1118 2352 1185 2439 ple-
1301 2339 1302 2360 ³

235 2484 314 2527 num
328 2459 432 2538 officii,
450 2459 628 2524 studiosum
643 2459 738 2524 etiarn
751 2483 839 2526 meae
854 2460 984 2526 nudis?

273 2597 298 2654 E
313 2594 387 2670 conj.
402 2592 531 2650 Manutii
544 2591 656 2650 editum
669 2601 714 2650 est
728 2591 814 2651 hodie
826 2601 882 2650 tom
894 2611 960 2650 sanc
967 2592 1086 2668 planura
1114 2591 1190 2650 Mihi

234 2717 303 2756 vero
315 2696 406 2772 magis
420 2694 546 2771 placeret
566 2700 622 2750 tom
641 2702 751 2754 casana
774 2711 831 2768 quo
844 2693 984 2750 vocabulo
1005 2693 1092 2750 etiam
1107 2693 1189 2750 Tiro-

235 2818 301 2856 nem
321 2796 422 2854 laudat
438 2795 478 2852 vi·
493 2793 521 2857 7.
537 2795 575 2864 2.,
602 2791 715 2851 “Nihil
728 2793 805 2852 enim
818 2793 868 2851 illo
882 2792 1060 2852 adolescente
1078 2795 1187 2864 casim,

234 2897 310 2956 nihil
323 2896 522 2973 diligentius'’

282 3017 365 3084 Ibid.
380 3016 545 3083 continuo:
570 3024 592 3057 “
601 3015 688 3101 frugi
701 3014 860 3080 hominem
871 3036 918 3093 ac,
930 3035 971 3080 ne
984 3013 1186 3081 libertinum*

238 3126 367 3194 laudare
381 3124 498 3202 videar,
514 3123 607 3209 plane
622 3123 726 3188 virum
739 3122 887 3187 bonum.”

275 3258 411 3316 Fortasse
424 3252 631 3331 supplendum:
652 3271 686 3310 aa
704 3251 856 3310 libertinam
878 3249 952 3330 [non
973 3249 1114 3332 libenter]
1128 3252 1189 3310 loa·
1300 3220 1302 3228 Ι

237 3360 307 3420 dore
320 3357 424 3416 videor.

282 3523 326 3534 -
339 3484 372 3545 5.
388 3483 419 3543 3.
443 3473 548 3563 “Ego
562 3474 597 3540 in
612 3473 829 3542 Tusculanum
839 3473 938 3540 nihil·
950 3496 1024 3541 sane
1034 3473 1095 3540 hoc
1109 3483 1189 3539 tem·

283 3611 298 3652 r
319 3587 346 3650 .”

240 3610 381 3756 poSiribe
394 3694 485 3753 naam
497 3710 569 3752 soca
610 3692 654 3754 cf.
668 3713 714 3752 xv.
730 3695 776 3758 29.
790 3688 802 3732 ¹
816 3736 830 3764 ,
852 3700 871 3728 “
879 3691 928 3752 Ad
941 3693 982 3750 Μ.
998 3693 1117 3752 Aelium
1131 3689 1190 3750 aal-

234 3797 284 3855 'laa
296 3806 331 3856 tu
344 3795 461 3873 quidem
475 3793 621 3854 dcmum.”
