2632 4506
218 421 254 479 ls
432 419 478 480 ln
497 419 754 482 FRAGMENTA
773 421 838 482 DE
854 423 975 487 Fano.

217 581 412 649 wnnexionc
425 584 465 649 ab
484 583 675 652 immutabili
693 587 880 654 aeternitate
898 590 1168 656 continebantur?

218 691 304 757 Mihi
317 692 447 778 quidem
465 695 657 780 expendenti
676 705 773 782 atque
787 698 974 776 aestimanti,
990 699 1069 786 quid
1082 700 1169 786 quis·

217 823 281 887 que
290 801 406 867 habeat
415 802 544 890 proprii,
561 805 639 890 quid
650 829 721 892 exp.
739 853 747 869 .
764 807 791 870 .’'

254 935 292 1018 (¹)
319 938 387 1000 Vide
408 941 476 1016 qnid
494 937 585 1020 opas]
615 937 663 996 En
683 938 799 998 auctius
819 938 1017 1016 fragmentum
1034 941 1169 1018 legimus,

216 1041 294 1116 quod
305 1043 367 1118 jam
380 1043 458 1122 apud
470 1042 652 1102 Macrobium
669 1048 781 1110 exstat3
800 1039 831 1097 id
845 1041 923 1118 quod
940 1061 999 1100 non
1012 1043 1103 1120 magis
1116 1045 1171 1100 mi-

215 1162 284 1202 rum
297 1152 342 1204 est
353 1163 447 1220 neque
459 1143 551 1220 magis
562 1141 753 1220 suspicionem
763 1143 936 1218 cujusquam
944 1143 1031 1202 debet
1044 1163 1168 1216 movere,

216 1263 303 1322 quam
318 1245 396 1324 quod
408 1244 536 1323 plurima
553 1244 700 1302 librorum
713 1241 746 1300 de
761 1241 911 1320 Republica
928 1244 990 1304 loca
1012 1247 1043 1302 in
1066 1247 1168 1324 palim-

215 1349 320 1424 psestis
334 1346 484 1407 Vaticanis
497 1344 686 1424 reperiuntur
705 1343 845 1414 auctiora,
863 1362 937 1420 quae
946 1344 1008 1420 jam
1021 1344 1099 1424 apud
1110 1345 1139 1404 N
1140 1366 1170 1403 ο·

213 1450 297 1506 nium
311 1455 341 1508 et
354 1447 424 1505 alios
436 1447 589 1524 leguntur.

254 1545 291 1626 (²)
312 1543 448 1626 camera]
470 1546 611 1624 Suspecta
630 1543 960 1602 mihiterminatiohaec
979 1545 1102 1622 perfecti
1121 1545 1171 1624 (de

215 1674 273 1732 qua
295 1674 365 1714 mox
387 1654 424 1714 ad
450 1653 658 1714 Ciceronianam
684 1644 854 1726 nostrum§
879 1645 972 1723 137.);
999 1655 1030 1705 et
1056 1648 1172 1710 credere

215 1761 301 1818 lubet
318 1778 371 1837 pro
391 1774 503 1818 carnae
522 1775 561 1815 an
581 1755 686 1830 utique
702 1754 880 1828 comeant-'e
893 1749 990 1808 codice
1007 1749 1170 1809 eruendum

214 1862 313 1922 fuisse.

254 1959 291 2042 (³)
302 1961 407 2019 anon*
423 1979 480 2018 una
490 1954 675 2034 mnneaiona]
697 1955 746 2014 Sic
758 1955 949 2033 expleverim:
972 1960 1029 2013 “et
1042 1973 1101 2014 non
1113 1974 1171 2014 ano

214 2080 303 2122 secum
311 2061 406 2140 plnres
419 2060 540 2118 nannai
552 2059 680 2118 convivas
692 2077 752 2114 una
764 2057 943 2115 connexione
955 2059 1023 2114 —.''

254 2159 291 2241 (⁴)
310 2157 497 2240 conamione]
512 2159 641 2218 Accedat
650 2167 680 2216 et
693 2157 748 2216 hoc
756 2157 843 2216 semel
855 2156 951 2230 dictis,
967 2157 1075 2234 quibus
1095 2157 1170 2216 liber

214 2265 263 2322 hic
275 2262 414 2322 abundat.

255 2365 291 2443 (⁵)
311 2363 559 2441 ecpendentiatqne
571 2359 751 2440 aestimanti]
772 2360 842 2419 Vid.
855 2361 950 2419 Nizol.

254 2466 291 2543 (⁶)
310 2465 381 2541 qnid
398 2464 512 2540 quisque
530 2462 625 2520 habeta
641 2458 778 2538 proprii]
801 2460 844 2520 cf.
866 2460 899 2518 dc
915 2460 969 2537 Off.
989 2461 1009 2518 i.
1030 2463 1167 2531 31.113.,

215 2573 235 2604 ‘⁸
244 2566 396 2641 expendere
409 2564 565 2642 oportebit,
578 2563 650 2639 quid
661 2563 772 2639 quiaque
784 2561 880 2619 habeut
892 2562 962 2618 eai''

254 2661 292 2742 (⁷)
312 2662 383 2740 qaid
401 2657 531 2739 cap...]
560 2660 653 2718 Puta:
675 2659 776 2736 “quid
796 2660 923 2736 expressi
942 2662 1092 2720 manedac
1117 2682 1168 2720 nc·

214 2775 294 2822 turae
306 2773 386 2840 uotae
397 2762 493 2831 cocci,
507 2761 575 2818 -.’'

260 2891 291 2950 3.
316 2883 423 2949 “satis
437 2891 506 2949 erat
519 2881 597 2948 dici:
621 2879 927 2968 Byrsafundabitur.
972 2881 1014 2948 Id
1028 2884 1113 2950 enim
1133 2885 1168 2950 in

215 2991 299 3069 fatis,
312 3001 350 3056 ut
360 2989 460 3068 aiunt,
472 2989 597 3056 fuisset:
613 2989 785 3074 quacjbto,
798 2988 922 3054 Ennius
930 2989 1044 3076 inquit,
1062 2993 1168 3059 Deum

218 3122 272 3167 ren
297 3111 373 3165 nutu
390 3102 535 3184 partitur
557 3107 636 3162 scot
680 3097 778 3180 Quod
793 3120 867 3163 vero
892 3109 1017 3165 mutato
1041 3101 1168 3168 nomine

217 3207 388 3274 evertenda
411 3205 542 3272 firisset*
574 3205 623 3296 [rd
644 3205 714 3270 fieri
728 3205 872 3272 debuisse
889 3206 981 3274 facile
1003 3210 1168 3294 putabitur

216 3315 283 3404 ex²]
301 3314 500 3383 cohaerentia
509 3335 684 3393 causarum,
699 3314 804 3403 [queis
818 3314 1012 3404 Karthago²]
1029 3318 1070 3382 ad
1080 3341 1169 3384 occa-

217 3446 289 3489 sum
302 3421 530 3508 interitumque
546 3421 753 3507 redigeretur,
768 3422 857 3510 [mcx
871 3423 967 3489 etiam
980 3424 1021 3490 ad
1034 3425 1166 3514 ipsum²]

218 3531 371 3622 exit[ium
396 3540 430 3598 et
461 3529 670 3618 eversionem]
698 3530 870 3618 pertinacia
906 3532 1096 3619 populorum
1135 3546 1169 3603 et

220 3641 298 3708 belli
314 3687 322 3704 .
339 3687 349 3706 ⁰
366 3639 394 3706 ,1)

258 3771 296 3850 (¹)
302 3773 370 3851 sata
383 3772 473 3832 Deam
485 3789 534 3832 rec
554 3779 622 3831 nnn
633 3770 757 3848 ponitur
778 3772 850 3849 uu]
871 3772 1025 3848 Tenemus,
1045 3773 1077 3835 id
1094 3776 1172 3851 quod
