2632 4506
190 370 229 424 aa
478 441 483 456 μ
504 365 831 427 nunnonmouns

189 531 270 610 (nam
282 531 368 590 litera
387 551 407 588 n
427 538 511 590 extra
529 532 632 590 seriem
655 533 817 609 scripturae
836 529 909 608 est);
931 531 1036 592 deinde
1047 551 1086 592 ex
1098 551 1144 592 oo·

190 633 253 694 do'oe
267 632 541 709 Bongarsiireoepto
551 634 687 690 concurrit
698 653 751 709 pro
764 641 938 702 concurrunt,
953 653 990 692 ex
1002 633 1066 692 aliis
1080 635 1146 710 qui-

189 732 313 790 busdam
327 732 416 790 omnis
427 752 481 808 pro
493 733 593 803 omniu,
616 741 698 791 totus
719 733 888 792 emendatus
901 734 983 792 loeus
1002 742 1060 792 est:
1084 734 1145 804 Quo

182 833 262 908 forto
289 833 377 890 omnia
405 831 524 892 uranu
546 841 633 890 erecta
652 877 659 892 .
679 875 686 891 .
705 876 712 891 .
734 833 882 892 concurrit.
930 834 975 892 of.
1002 833 1084 891 xxiv.
1111 835 1144 902 l„

192 934 328 992 “Omnes
340 933 430 992 ferme
451 934 586 992 Graeciae
599 935 732 994 civitates
745 935 781 994 ad
794 954 874 1012 spem
884 935 1030 994 libertatis
1043 945 1146 994 eredat

194 1077 220 1093 ..
235 1077 243 1094 .
256 1035 289 1094 in
301 1034 413 1093 bellum
426 1037 654 1113 prorumpunt.”

502 1169 604 1252 mnu
621 1197 713 1252 nrm.
732 1199 757 1253 o.
778 1198 819 1251 1a

237 1333 409 1399 “Auxilia
428 1359 447 1400 a
469 1334 727 1401 Lacedaemoniis
750 1335 909 1421 petivere3
931 1335 1047 1420 quibus
1065 1335 1146 1401 aooi-

192 1441 254 1506 tis*
269 1441 383 1508 iterato
397 1443 620 1528 proeliantur.'’

230 1574 358 1633 Tantant
372 1575 502 1634 Sebisius
512 1585 542 1634 et
556 1575 721 1634 Soheffarus
732 1576 845 1652 accepto
858 1583 889 1634 et
902 1575 1008 1648 eandm
1027 1571 1146 1634 frustra

190 1676 292 1735 Scribe
305 1677 402 1753 quibus
415 1679 505 1736 aucti:
525 1677 560 1734 of.
582 1677 674 1752 hujus
695 1677 745 1734 lib.
760 1697 783 1735 o.
795 1680 832 1746 5.,
855 1677 944 1744 “Qui
958 1676 1148 1735 Lacedaemo·

171 1778 255 1848 ,nios
277 1779 396 1836 auxiliis
419 1779 582 1855 opibusque
605 1778 641 1835 ad
663 1797 743 1854 spem
756 1777 892 1836 fortunae
914 1778 1020 1854 prioris
1043 1779 1146 1836 erexit.

190 1876 276 1934 Aucti
288 1878 382 1954 igitur
395 1879 509 1936 viribus
527 1877 730 1936 Alcibiadem.
744 1922 751 1936 .
765 1919 772 1932 .
789 1897 955 1955 oppressere
962 1879 990 1948 ;”
1011 1885 1041 1936 et
1054 1897 1105 1936 xx.
1119 1881 1147 1938 5.

191 1975 228 2046 6.,
249 1982 270 2009 “
280 1977 346 2035 Ita.
361 2020 368 2036 .
382 2019 390 2036 .
404 1979 523 2036 auxiliis
538 1978 689 2036 Gallorum
713 1987 810 2038 auum
830 1979 942 2037 bellum
955 1977 1038 2036 velut
1052 1998 1089 2037 ex
1102 1979 1146 2035 in-

191 2087 275 2156 tegro
288 2083 462 2139 restaurat.”

520 2243 622 2298 IDEM
638 2259 704 2297 xm.
725 2243 749 2298 6.
769 2243 812 2309 10,

238 2367 259 2397 ‘⁶
269 2355 430 2435 Perdiooa,
442 2358 584 2424 alienatis
592 2359 717 2438 rebus*,
730 2359 907 2424 Aridaeum
920 2367 954 2424 et
965 2357 1145 2424 Alexandri

194 2465 308 2552 Magni
322 2467 422 2530 filium
432 2467 466 2530 in
481 2468 690 2552 Cappadocia,
703 2489 839 2552 quorum
849 2489 925 2532 eura
938 2467 986 2531 illi
996 2467 1145 2534 mandata

193 2575 306 2653 fuerat,
323 2577 364 2640 de
378 2599 499 2640 summa
507 2575 588 2641 'belli
601 2575 635 2640 in
649 2576 814 2641 eonsilium
828 2575 988 2641 adhibet.'’

197 2723 202 2730 '
232 2708 291 2766 Pro
303 2708 383 2766 reboo
395 2708 462 2765 vult
485 2707 648 2766 Sohefferus
667 2708 786 2784 reliquis.
826 2707 944 2765 Mallem
967 2707 1090 2766 alienatio
1102 2724 1144 2764 ro·

167 2827 169 2832 ’
187 2809 274 2886 babuto,
284 2828 387 2884 nempe
395 2827 467 2883 quos
480 2805 619 2866 beneficio
632 2807 719 2865 divisi
732 2808 847 2884 imperii
857 2809 1005 2866 devinctos
1015 2808 1072 2866 sibi
1083 2807 1145 2866 fore

192 2921 371 2989 speraverat:
392 2913 455 2998 lege
467 2931 490 2970 o.
504 2915 533 2971 4.
548 2931 644 2988 supra.
683 2911 739 2970 Inf.
752 2913 834 2970 xxiv.
848 2916 882 2984 1.‚
906 2911 1145 2971 “dissidentibus

193 3014 393 3090 ...reomau

372 3175 510 3230 AUREL.
528 3175 676 3230 VICTOR
692 3175 756 3230 DE
775 3175 889 3230 CAES.
909 3176 949 3228 1.:

239 3302 260 3333 “
275 3292 384 3359 Mores
399 3292 467 3358 viro
487 3291 595 3358 oiviles
613 3290 784 3377 lepidique,
800 3291 954 3378 flagrante
968 3289 1055 3356 haud
1076 3311 1143 3357 mo-

192 3403 261 3470 dios
274 3401 400 3468 luxuria
412 3401 623 3487 ludorumque
646 3400 793 3487 oupidine
807 3409 903 3486 atque
917 3399 959 3464 ad
973 3404 1140 3465 somnum'

193 3510 466 3598 intemperantia.''

198 3639 203 3645 ·
225 3623 301 3682 Jurs
312 3623 393 3698 Oasp.
403 3617 668 3678 Barthiusaldoera
678 3619 728 3675 lib.
738 3616 1144 3694 onxxxOEiedleriExoerpt

192 3743 252 3800 esp.
267 3727 294 3783 3.
308 3741 373 3801 pag.
390 3720 468 3799 148.)
482 3720 610 3798 quaerit:
633 3718 811 3789 “Quomodo
823 3718 1013 3778 somnolentia
1025 3717 1143 3793 objicia-
