2632 4506
118 693 416 775 §ahaim—:dc
436 703 537 810 μὶ
669 803 709 874 11

450 999 491 1058 ru
509 998 736 1056 calonnam
752 997 934 1060 cunnum

267 1153 427 1234 LIBRI
463 1157 772 1238 CICERONIS
806 1158 890 1232 DE
922 1155 1097 1251 FATO‚

654 1316 731 1363 oum,

250 1432 441 1485 rnvmrronu
459 1436 486 1485 n.
504 1434 533 1486 c.
552 1433 726 1496 rnnuocm,
742 1435 823 1492 acro,
841 1435 955 1484 nunna
970 1431 1136 1482 nonnula

587 1521 689 1570 unua
705 1522 797 1582 suun,

493 1671 893 1740 OBSERVATIONES.

619 1887 759 1919 -4--ο

220 2067 247 2126 l.
271 2059 433 2126 “Faruu
448 2081 515 2128 esse
528 2070 654 2128 nutum¹
677 2060 773 2130 Jovis
796 2061 838 2130 Ο.
862 2061 913 2128 Μ.
938 2061 1165 2148 placitumque²
1288 2135 1289 2158 2

214 2170 346 2238 deorum
353 2170 588 2250 immortalium,
597 2172 687 2238 fides³
695 2181 755 2239 est³
766 2171 1025 2258 philosophorum
1032 2171 1167 2258 etudgi
1286 2165 1289 2180 ’ἵ

213 2279 398 2346 communis.
423 2279 488 2347 Sed
502 2279 577 2365 quia
595 2279 800 2368 philosophus
818 2302 912 2346 nemo
925 2279 978 2345 vel
991 2279 1101 2345 haberi
1114 2279 1168 2347 uel

85 2467 93 2486 ·
214 2388 277 2454 dici
288 2389 378 2468 solet,
390 2388 451 2454 nisi
465 2397 673 2478 parumpera
691 2391 790 2478 vulgo
808 2389 971 2468 desciscat,
986 2388 1098 2454 iccirco
1119 2387 1167 2454 vi-

215 2519 286 2563 sum
309 2505 358 2562 est
375 2496 536 2562 nonnullis
558 2497 617 2562 fati
638 2499 858 2565 necessitatem
879 2505 937 2562 aut
955 2494 1168 2562 antecessione

215 2629 380 2674 causarum
410 2606 603 2672 naturalium
636 2607 868 2694 quodammodo
902 2603 1167 2682 circumscribere,

215 2724 271 2782 aut
285 2715 406 2782 ratione
416 2715 619 2782 voluntatum
629 2725 726 2802 atque
736 2715 967 2804 appetitionum
980 2713 1067 2780 varia
1077 2711 1169 2799 quasi

216 2825 337 2891 fulmen
352 2847 369 2890 e
384 2824 472 2891 coelo
486 2825 672 2892 deducere.''

255 2954 293 3033 (¹)
306 2955 411 3015 Fatum
423 2973 477 3016 east
493 2964 587 3014 autum
606 2951 662 3033 -]
684 2953 789 3025 Docui,
810 2961 847 3014 ut
867 2953 976 3024 videor,
997 2953 1028 3011 in
1043 2951 1170 3012 editione

215 3076 279 3115 mea
291 3055 366 3114 nihil
384 3057 416 3112 in
429 3055 572 3134 principio
589 3056 729 3134 prooemii
748 3054 866 3132 quidem
880 3053 986 3114 deesse.
1026 3053 1074 3111 En
1089 3069 1170 3112 nune

216 3158 308 3236 ipsius
321 3157 527 3234 disputationis
539 3157 717 3234 principium
731 3156 879 3216 habemus.
918 3156 959 3213 Et
972 3154 1171 3232 recipiendum
1285 3205 1289 3226 4

216 3276 318 3316 censeo
337 3257 535 3334 fragmentum
555 3255 611 3314 hoc
633 3257 665 3313 in
685 3255 818 3314 lacunam
840 3255 922 3313 illam
944 3255 1077 3328 mediam,
1095 3271 1172 3334 quae

216 3357 302 3415 initio
315 3355 418 3433 eapitis
437 3355 520 3414 tertii
539 3353 680 3434 explenda
693 3363 745 3414 est.
783 3355 888 3430 Neque
906 3354 1015 3411 mirum
1027 3361 1079 3424 est,
1100 3353 1172 3412 siin

216 3463 315 3516 vetere
328 3457 426 3516 codice
437 3455 501 3533 ipsa
514 3455 675 3533 disputatio
685 3475 702 3514 a
711 3455 857 3533 prooemio
864 3454 1036 3530 interposita
1050 3453 1171 3530 inscrip-

218 3559 297 3618 tione
310 3556 454 3636 dirempta
466 3557 533 3616 fuit.
574 3557 713 3618 Ceterum
726 3556 763 3616 ad
777 3561 797 3588 “
805 3558 920 3616 aarum
934 3555 1040 3616 adhibe
1049 3574 1078 3632 p.
1093 3555 1171 3616 aaa

219 3657 408 3728 A.45.131„
423 3657 454 3716 in
470 3656 531 3718 ou.
545 3656 587 3716 iii·
600 3661 627 3724 9.
642 3659 688 3716 21.
702 3657 757 3716 bis.

258 3778 296 3856 (²)
305 3779 488 3858 pactumque
499 3779 610 3838 deorum
620 3773 710 3856 rma]
732 3777 875 3839 Sanenon
885 3776 956 3836 alibi
968 3776 1047 3856 apud
1058 3776 1172 3838 Cicero·
