2632 4506
418 407 752 484 snsrnnmorss,
774 413 845 471 mc.
1077 413 1112 469 21

163 575 283 634 habitus
295 580 370 634 esset
382 575 423 634 ad
432 574 571 652 Apollinis
582 583 630 637 et.
645 620 652 636 .
666 619 674 636 .
685 579 847 638 referretur
865 574 902 636 de
911 576 988 648 -;”
1007 575 1048 635 ad
1057 573 1117 640 At!-

164 677 224 737 xvi.
240 679 285 736 14.
302 679 336 747 l.,
360 677 484 736 “Valde
504 677 562 736 tibi
582 679 730 749 ementior,
744 720 753 738 .
767 717 775 737 .
789 722 797 738 .
811 678 908 736 multo
926 676 1041 738 firmius
1054 688 1119 737 asts

163 779 282 855 tyranni
293 780 512 858 comprobatum
524 780 571 850 iri,
585 798 673 856 quam
685 781 717 838 in
731 779 874 839 faisse·

462 941 565 998 mmr
581 907 673 999 mm.
690 957 736 1000 m
754 944 813 1000 st:

209 1086 231 1118 ‘⁴
250 1077 401 1164 Superius
415 1088 522 1144 tamen
531 1078 715 1145 institutum
728 1078 763 1144 in
777 1078 948 1165 equitibus,
965 1077 1052 1164 qnod
1062 1078 1118 1144 ds·

164 1187 418 1264 monstravimus,
431 1190 585 1268 servabat,
596 1198 635 1254 ut
651 1234 659 1254 .
676 1233 685 1253 .
702 1234 711 1252 .
726 1189 940 1254 adolescentes
950 1197 1047 1273 etque
1062 1210 1117 1253 ex-

163 1294 298 1380 peditos,
313 1317 353 1361 ex
370 1296 584 1383 antesignanis
599 1297 715 1364 eleetos
736 1297 874 1363 milites*
896 1297 937 1362 ad
951 1296 1118 1384 pernicita-

163 1413 240 1481 tem,
256 1402 371 1469 armis*
385 1403 469 1468 inter
484 1405 607 1490 equites
621 1405 766 1492 proeliari
776 1405 934 1492 juberet.”

202 1557 347 1617 Putidum
380 1559 499 1632 militen
527 1579 582 1638 pro
610 1581 668 1640 quo
694 1561 766 1619 mille
791 1580 891 1620 censeo
918 1559 1118 1632 scribendum

160 1674 262 1735 nempe
281 1667 318 1718 ut
337 1679 436 1738 penem
458 1660 565 1720 horum
587 1681 745 1720 numerum
764 1661 879 1720 fecerit:
904 1661 968 1738 lege
985 1679 1058 1738 quse
1071 1659 1120 1720 his

162 1770 335 1837 sequuntur,
350 1770 380 1820 et
390 1763 465 1823 conf.
481 1763 514 1822 de
526 1764 563 1824 B.
582 1761 615 1823 G.
630 1763 649 1820 i.
662 1765 711 1823 48.
753 1761 867 1822 Deinde
879 1761 966 1821 nihili
979 1770 1024 1821 est
1037 1759 1119 1820 istud

165 1878 266 1922 armes:
287 1863 380 1922 scribe
391 1865 511 1940 sparsim
523 1864 570 1923 vel
582 1865 683 1941 sparsi.

453 2025 623 2083 OURTIUS
639 2041 681 2082 1v.
699 2027 742 2084 61.
761 2027 820 2082 14.=

208 2168 231 2200 ‘⁴
244 2158 394 2244 Quidem,
427 2160 588 2246 oesupatis
616 2160 769 2247 proximis
797 2159 884 2240 rivis,
915 2157 1118 2226 deverterant
1184 2147 1191 2170 ⁸

163 2265 297 2352 longius,
308 2275 356 2346 ut,
375 2266 530 2354 quidquid
542 2268 659 2334 oseulti
668 2267 809 2332 humoris
817 2289 952 2353 usquam
962 2275 1114 2342 manaret,

162 2374 358 2461 exciperent3
379 2397 439 2462 nee
453 2375 520 2442 ulls
539 2376 619 2442 adeo
642 2375 714 2442 avia
731 2385 766 2444 et
787 2374 888 2444 sess*
910 2375 1023 2442 lacuna
1035 2384 1116 2449 emt,

163 2505 244 2569 quse
259 2484 484 2571 vestigantium
495 2484 582 2552 sitim
595 2485 749 2552 falleret.'’

200 2615 286 2674 Nihil
299 2618 443 2677 attinebat
455 2621 541 2678 tieem
548 2619 666 2696 quidem
675 2619 812 2696 persequi
821 2618 955 2688 lseunss3
974 2633 1033 2674 non
1046 2615 1121 2674 bens

158 2717 331 2794 junguntur
350 2719 416 2778 avia
429 2728 459 2778 et
471 2722 563 2794 sicca5
582 2721 708 2796 deniqne
720 2719 828 2779 occulti
845 2717 977 2778 humoris
990 2727 1120 2793 recepte·

161 2819 228 2878 suls
246 2821 494 2898 pervestigabant.
533 2823 636 2883 Scribe
652 2841 743 2894 mesa,
761 2822 902 2881 nimirum
921 2820 1034 2898 passive
1046 2817 1120 2878 esei-

160 2921 308 2996 piendum.

492 3043 638 3100 JUSTIN.
656 3056 685 3098 v.
705 3045 729 3098 1.
748 3043 788 3099 3.:

208 3191 231 3223 ‘⁴
244 3181 319 3265 Quo
340 3181 425 3250 facto
449 3183 554 3250 omnia
568 3182 721 3252 Graenise
743 3182 873 3271 regna',
889 3183 981 3251 velut
1002 3180 1043 3248 sd
1064 3201 1119 3248 ex·

165 3291 391 3380 stinguendum
406 3313 572 3360 commune
586 3292 779 3373 incendium,
796 3290 1019 3361 concurrunt.”

201 3425 268 3484 Non
281 3426 384 3504 placet,
406 3428 485 3504 quod
498 3428 658 3505 Wopkens.
679 3429 725 3506 (in
737 3428 819 3486 Mire.
837 3425 912 3486 osse.
931 3421 1035 3500 Novis)
1053 3439 1121 3482 eon·

161 3527 242 3601 iecit,
256 3536 362 3604 repente
373 3547 426 3604 pro
436 3547 528 3603 reptes
569 3528 622 3597 At,
637 3547 654 3585 e
675 3528 791 3586 nomine
808 3526 940 3588 &usiae
952 3525 1058 3584 ultime
1070 3542 1120 3582 vo·

163 3628 226 3700 mli,
241 3647 315 3705 quse
327 3629 401 3688 male
409 3629 547 3701 adhaesit,
558 3637 685 3688 retractu
694 3639 724 3688 et
736 3629 822 3688 litere
838 3627 905 3690 oin
918 3628 990 3688 dues
1003 3647 1041 3688 ex
1053 3630 1120 3705 qui-

162 3731 220 3790 bus
233 3729 341 3790 coaluit
354 3730 454 3792 literas
470 3729 506 3792 Gt
518 3729 619 3804 divisa,
634 3749 670 3792 en
683 3737 779 3791 exstet
792 3728 907 3790 Justini
918 3747 1023 3788 manns
1034 3737 1121 3790 erm
