2632 4506
218 443 235 498 8
478 439 523 498 IN
548 438 697 498 EPISTT.
719 437 779 496 AD
798 437 900 495 FAM.

213 605 321 680 ymduc
331 621 388 661 non
401 603 556 661 admodum
566 603 679 662 diversa
692 611 795 673 essent,
810 605 900 678 magis
911 603 967 660 sibi
980 603 1091 678 plaeere
1103 601 1168 658 dili·

215 724 289 780 pma,
304 724 394 781 qnam¹
413 705 575 780 dilipmdas,
598 705 730 782 exempla
743 713 840 762 tamen
861 704 1025 766 conferebat
1039 701 1169 777 superla-

217 807 286 864 tivi:
315 815 345 864 et
371 806 485 864 facilius
512 806 600 864 etiam
626 813 741 882 poterat
767 805 969 880 compendium
996 803 1170 878 superlativi

218 908 372 983 ddipcmiss.
386 907 434 965 vel
444 907 512 978 aa,
536 926 623 983 quam
640 906 798 982 positivum
815 906 942 982 deliquia.
958 923 1025 962 cum
1035 905 1094 960 isto
1105 902 1169 960 dili-

213 1009 321 1084 9eadaa
344 1009 525 1066 commutari.
566 1005 667 1076 Qualis
681 990 944 1081 compendiiexstat
958 1003 1124 1080 exemplum
1138 1003 1169 1059 iu

218 1107 347 1166 Mediceo
357 1109 495 1184 supraxi
509 1109 537 1163 4.
552 1107 590 1176 2.,
605 1105 751 1164 bellicosius.
772 1125 826 1180 pro
847 1104 1059 1172 bellicosmsimis,
1082 1101 1168 1159 alter-

218 1227 327 1284 umque
339 1210 370 1266 in
385 1209 464 1267 Bosii
485 1207 583 1266 codiee
602 1207 642 1264 cd
659 1203 717 1264 Aa.
731 1221 760 1263 v.
779 1209 822 1264 10.
837 1210 873 1276 3.,
892 1203 984 1263 helima
1005 1223 1059 1282 pro
1071 1201 1169 1260 belide-

219 1309 278 1378 ime‚
299 1311 353 1366 ubi
375 1309 453 1368 Med.
477 1307 557 1378 bellis,
581 1307 661 1384 quod
678 1315 775 1383 potest
789 1305 934 1364 scritendi
948 1305 1070 1363 modurn
1087 1303 1173 1362 tellis

218 1411 366 1486 respicere.
406 1409 508 1486 Neque
522 1408 640 1466 aliunde
652 1407 759 1485 pendet
776 1407 940 1464 emendatio
951 1426 1014 1464 mea
1026 1407 1062 1464 iu
1071 1407 1123 1463 illo
1135 1406 1169 1462 da

222 1511 275 1585 Off.
288 1512 305 1568 i.
321 1509 367 1570 36.
384 1513 457 1580 130.,
480 1516 498 1542 “
509 1519 538 1568 et
552 1508 729 1567 histrionum
750 1508 885 1566 nonnulli
898 1517 997 1586 gestus
1010 1508 1173 1582 ineptissimi

219 1635 277 1673 non
295 1625 399 1674 vacant
421 1615 609 1684 offensione;”
629 1616 683 1672 ubi
702 1633 794 1690 quum
815 1634 853 1672 ex
872 1613 1041 1691 compendio
1054 1615 1167 1690 ineptis.

220 1717 381 1774 exstitisset
401 1715 513 1792 inaptIs,
525 1719 594 1773 ‘tum
616 1715 775 1774 necessario
791 1714 938 1789 abjectum
952 1724 996 1772 est
1015 1716 1167 1791 effeminate.

220 1816 410 1894 Eodemquee
422 1817 502 1874 fonte
515 1818 546 1873 iu
559 1817 650 1875 Bmoto
663 1817 708 1877 35.
726 1820 789 1877 132:
798 1815 952 1893 petendam
962 1835 1061 1874 censeo
1074 1831 1168 1873 emen-

220 1917 379 1975 dationem:
399 1924 418 1950 “
430 1917 497 1975 dam
511 1917 544 1985 Q.
561 1917 704 1975 Catulus.
721 1958 727 1972 .
742 1961 749 1975 .
765 1916 835 1995 (nisi
843 1917 917 1992 qnid
927 1917 990 1975 fieri
998 1925 1094 1993 potest
1104 1935 1171 1992 per·

219 2017 337 2090 fectius)
350 2017 573 2074 moditiaaimua’'
611 2015 687 2074 Nam
704 2017 834 2092 profecto
849 2017 1004 2092 plusquam
1018 2015 1168 2074 eruditum

221 2124 337 2191 oportet
350 2135 416 2174 eum
429 2116 526 2184 fuisse,
542 2134 600 2190 quo
613 2113 687 2171 nihil
697 2114 761 2172 fieri
772 2115 903 2192 potuerit
915 2115 1080 2191 perfectius

265 2317 309 2330 -
322 2315 365 2330 ·-
381 2287 427 2346 2:
452 2290 473 2322 “
484 2290 522 2348 ut
537 2301 609 2345 eum
627 2279 890 2369 [Hammonium]
903 2281 973 2342 -·.’‘

260 2413 455 2472 Liberandnm
475 2414 559 2471 uncis
574 2413 774 2470 Hammonium
787 2431 900 2472 censeo:
921 2412 987 2470 vide
1007 2411 1046 2469 ad
1057 2411 1089 2469 de
1101 2411 1167 2468 Diu.

221 2516 250 2572 ii.
264 2517 325 2586 td,¹
343 2516 401 2572 “Is
413 2525 511 2572 autem
521 2516 611 2589 Topos
620 2516 695 2586 -»;'’
715 2515 788 2572 adde
807 2513 896 2591 snpra
910 2517 936 2571 l.
950 2515 986 2582 32,
996 2513 1021 2545 '⁴‘
1032 2513 1063 2570 Ia
1076 2513 1168 2588 igitur

221 2617 310 2674 Patro
326 2619 397 2686 -;”
419 2624 449 2673 et
461 2615 501 2672 ad
512 2615 568 2674 Aa.
581 2616 619 2674 vi.
634 2618 660 2674 3.
674 2613 711 2684 6.,
728 2621 745 2648 “
757 2616 788 2672 Is
801 2617 897 2692 igitur
912 2615 1019 2676 Gavius
1031 2617 1100 2672 *²²

264 2783 374 2850 -'29·
392 2781 421 2848 i·
445 2788 468 2820 ‘⁶
483 2777 518 2846 si
536 2777 614 2864 qnid
631 2777 758 2844 fecerim
774 2825 782 2842 .
800 2825 807 2840 .
825 2824 844 2856 .,
860 2778 894 2842 id
912 2777 1167 2844 fecissealiornm

222 2891 514 2970 consiliatorum
532 2891 732 2958 auctoritate:
755 2892 842 2977 quod
856 2891 970 2957 fuerim
980 2891 1167 2958 moderatior

221 2999 495 3085 temperatiorque,
515 3045 522 3062 .
540 3046 547 3062 .
565 3046 572 3063 .
588 2999 621 3064 id
635 2999 706 3066 me*
724 2999 854 3066 fecisse*
877 2999 1012 3065 maxime
1035 2999 1169 3066 anctori-

222 3119 287 3173 tate
302 3106 495 3192 Capitonis?
607 3193 608 3196 Ἴ

257 3239 465 3304 Inconcinnius
478 3246 567 3314 atque
579 3239 668 3297 otiose
682 3239 712 3295 iu
721 3217 882 3316 ¹'posteriori
895 3241 1024 3302 membro
1037 3239 1170 3298 additum

220 3349 264 3397 est
276 3357 433 3426 pronomen
447 3358 494 3410 mc,
510 3340 588 3416 quod
601 3341 632 3398 in
652 3340 748 3416 priore
760 3319 899 3398 omissum
913 3350 966 3399 est.
1007 3341 1108 3416 Neque
1121 3360 1169 3416 ap

221 3441 332 3500 tissime
345 3441 375 3498 in
389 3439 487 3498 eodem
501 3439 737 3517 agendiverbum
748 3441 838 3500 verbo
857 3439 1039 3499 substantivo
1052 3459 1169 3518 respun-

220 3543 279 3599 det
319 3541 398 3618 Ergo
411 3541 532 3602 fortasse
545 3541 730 3601 scribendum
750 3542 780 3599 id
797 3542 911 3617 effecisse
922 3541 1039 3598 manime
1052 3542 1172 3616 auctomk

219 3651 299 3700 tatem
313 3640 463 3718 capuano.
