2632 4506
417 428 461 488 IN
482 426 634 486 EPISTT.
654 426 715 486 AD
733 426 822 488 ΑΤΤ.
1062 429 1095 485 15

189 588 277 656 XII.
300 593 353 660 49.
372 597 400 656 1.
424 589 627 678 “Rescripsi‚
639 591 831 678 patronoilii
842 590 921 657 nihil
935 613 1015 678 opus
1030 613 1097 656 csse

148 745 157 761 .
175 745 183 761 .
200 747 208 763 .
226 723 253 776 .;
275 723 327 766 me
341 708 448 765 tamen
463 701 493 767 ei
506 700 720 767 fauturum*.’'

182 832 286 891 Potius
299 834 458 910 affuturum,
473 833 589 912 opinor:
609 853 637 892 r.
651 833 813 892 Buechner.
833 833 870 891 ed
877 851 909 909 p.
922 832 1001 892 Boeo.
1017 831 1053 890 A.
1069 853 1095 908 p.

146 933 211 994 146.

187 1053 295 1122 XIII.
311 1063 364 1123 32.
379 1064 411 1124 3.
429 1067 451 1100 “
463 1057 527 1123 His
535 1045 623 1124 libris
633 1080 717 1123 nova
726 1041 885 1144 prooemia
894 1065 968 1121 sunt
976 1055 1094 1131 addito,

143 1163 260 1249 quibus
271 1187 379 1231 eorum
393 1177 528 1254 uterque
547 1169 705 1234 laudatur.
738 1167 803 1233 Eas
816 1167 942 1233 literas*
954 1167 1028 1232 volo
1042 1166 1098 1230 ha-

144 1273 247 1338 hm„

181 1405 217 1464 In
230 1415 370 1483 promptu
383 1415 428 1466 est
447 1409 589 1484 conjicere
604 1409 782 1467 &sudatione
823 1407 880 1466 Sed
893 1407 1015 1465 fortasse
1027 1407 1099 1464 ferri

141 1514 238 1583 potest
250 1509 383 1584 vuigrts:
404 1509 440 1568 cf.
454 1511 488 1569 de
499 1511 537 1568 F.
552 1512 570 1569 i.
585 1513 612 1568 4.
630 1513 684 1581 12.,
699 1530 728 1568 u.
742 1530 769 1568 v.
786 1510 913 1586 Madvig.
927 1529 956 1586 p.
970 1513 1017 1573 29.

188 1649 274 1716 XV.
301 1657 329 1716 l.
349 1657 376 1716 l.
401 1661 422 1694 “
436 1652 466 1719 O
480 1652 601 1720 factum
615 1654 697 1720 male
708 1655 749 1720 (Ie
764 1653 943 1720 Alexi0nc1
988 1653 1096 1718 Incre-

143 1757 260 1824 dibile*
272 1769 332 1837 est,
348 1771 469 1846 quantu
482 1785 533 1828 me
547 1763 692 1828 molestis
705 1762 873 1828 affecerit.’'

180 1893 440 1970 Distinguendum,
454 1895 570 1971 opinor:
595 1897 626 1964 0,
635 1898 746 1972 sactum
766 1895 836 1954 mule
853 1896 886 1953 de
898 1893 1035 1962 Alerioce,
1056 1897 1098 1951 in·

142 1994 267 2053 credatur
279 2005 324 2065 ert,
339 2005 443 2071 quanta
451 2015 504 2054 -:
519 1997 554 2053 cf.
564 1997 583 2054 i.
596 1999 639 2053 11.
651 2001 687 2066 3.,
704 2003 722 2029 “
734 1997 813 2064 Quos
826 2006 870 2066 tu,
886 1995 1040 2054 incredibile
1052 2005 1096 2062 est,

141 2105 315 2172 ...quanto
328 2097 485 2156 deteriores
499 2097 671 2156 offensurus
690 2087 763 2168 sisss,”
783 2105 814 2156 et
834 2098 873 2155 vi.
894 2101 921 2155 2.
946 2099 982 2166 4.,
1005 2103 1024 2129 “
1035 2097 1099 2154 Huc

141 2203 238 2254 cutem
261 2215 302 2266 re,
325 2197 478 2256 Incredibile
500 2207 546 2268 est,
572 2207 716 2274 quantum
737 2199 869 2256 civitates
890 2198 1097 2266 emerserint;”

141 2295 213 2354 adde
226 2297 256 2354 ic
275 2298 351 2357 Verr.
366 2315 394 2355 v.
413 2301 457 2356 12.
473 2303 528 2368 30„
544 2300 577 2358 de
589 2299 628 2356 N.
643 2299 682 2356 D.
696 2300 726 2356 ii.
739 2301 787 2362 59.
804 2302 869 2364 149.

185 2443 260 2503 ..1.
276 2439 317 2502 Β.
333 2445 364 2504 2.
388 2448 410 2481 “
422 2439 589 2518 Ὑπόθεσις
603 2439 713 2507 vides*
728 2463 810 2526 quae
824 2441 867 2507 sit
880 2440 940 2532 [et]
963 2465 1095 2528 persona

142 2540 306 2614 dicentis.'’

179 2681 326 2740 Fortasse:
346 2678 501 2738 Ὑπὸθεσιν
513 2683 595 2752 vides,
618 2683 692 2740 uides
709 2701 779 2759 quae
791 2684 826 2741 sit
840 2701 873 2757 p.
895 2683 939 2742 ct:
959 2683 993 2740 cf.
1009 2685 1041 2740 de
1055 2684 1095 2740 N.

139 2783 179 2840 D.
192 2784 234 2842 iii.
248 2786 294 2841 24.
308 2782 365 2853 61.,
381 2789 399 2816 “
408 2802 641 2859 quarumrerum
649 2784 809 2842 utilitatem
819 2784 904 2854 video,
919 2784 995 2842 video
1008 2785 1094 2842 etiam
1216 2829 1218 2836 ,

139 2894 303 2944 consecrate
316 2886 498 2944 simulacro?

183 3029 227 3042 ..
241 2991 273 3050 3.
290 2990 320 3049 2.
345 2994 367 3028 “
377 2983 534 3063 Antonio,
544 2965 669 3070 *quum*
683 2991 742 3062 est,
758 2982 831 3050 volo
846 2983 938 3069 pejus
953 2985 1049 3050 esse.”

178 3115 255 3176 Med.
269 3115 407 3192 quoniam.
447 3115 594 3176 Fortasse:
613 3112 737 3173 Antonio
750 3115 881 3191 quonium
893 3115 963 3174 male
976 3125 1020 3186 ert,
1036 3115 1095 3173 colo

12 3205 19 3240 ⁵
135 3222 214 3294 pejus
226 3237 288 3278 esse.

185 3338 290 3406 XVI.
313 3340 345 3408 7.
360 3340 391 3408 i·
415 3336 588 3403 “Antonii
609 3337 750 3404 edictum
769 3336 835 3424 legi
848 3335 1035 3414 a'Bruto',
1060 3349 1093 3403 et

139 3449 254 3517 horum
267 3459 387 3528 contm,
404 3450 557 3537 scriptum
570 3449 756 3536 praeolarc.”

177 3583 252 3643 Edd.
264 3583 410 3660 principes
423 3582 457 3640 ab
465 3592 544 3642 utro:
563 3583 595 3639 in
609 3582 717 3658 quibus
727 3581 825 3640 verbis
834 3599 987 3656 agnoscere
995 3580 1095 3638 videor

136 3685 230 3762 ipsius
243 3684 422 3762 principium
435 3683 531 3744 edicti.
571 3683 600 3742 N
601 3702 648 3742 cm
665 3683 697 3740 in
710 3682 831 3759 vulgata
844 3699 970 3758 quonam
984 3689 1095 3758 spectat

137 3783 304 3844 “tomm’u
