2632 4506
308 522 316 539 ι
363 441 407 502 IN
428 440 686 503 FRAGMENTA
705 440 769 502 DE
786 440 906 502 mo.
1076 449 1113 511 19

159 609 374 686 apertissimum
384 617 436 678 est,
447 607 636 686 posteriorem
645 616 758 684 partem
767 607 857 666 nnius
865 607 1003 686 dactylici
1012 627 1115 670 versus

160 721 190 769 et
202 711 329 788 priorem
342 719 456 788 partem
469 709 598 768 alterius.
623 709 669 768 De
685 709 856 786 pronomine
867 727 915 766 sao
932 717 1029 787 potest
1042 711 1115 770 fort·

158 829 220 870 asse
246 811 386 880 dubitari,
410 810 513 888 poetae
536 810 575 867 sit
600 828 703 868 necne:
733 810 779 868 sin
805 819 857 881 est,
884 811 984 887 potuit
1010 813 1115 889 utique

159 911 307 972 elisionem
319 911 389 988 peti,
406 910 518 989 syllaba
537 911 622 988 longa
641 919 709 969 ante
722 911 850 980 brevem,
875 912 961 987 cujus
976 913 1020 972 rei
1032 931 1070 972 ne
1082 915 1114 972 in

160 1009 324 1088 Virgiliana
336 1012 454 1088 quidem
474 1010 684 1070 versificatione
704 1011 835 1089 exempla
858 1011 971 1072 desunt
1011 1013 1114 1091 Neque

159 1112 195 1170 de
207 1131 295 1171 versu
309 1112 426 1189 quidem
448 1132 501 1189 ego
524 1131 626 1190 operae
645 1111 773 1187 pretium
796 1113 975 1188 putavissem
987 1132 1113 1184 monere,

159 1215 218 1272 nisi
231 1214 270 1272 V.
286 1215 332 1286 D.‚
347 1213 557 1282 Schneidewin,
576 1212 658 1280 visus
671 1212 729 1271 sibi
751 1222 826 1272 esset
838 1212 886 1272 vel
897 1213 1056 1274 iambicum
1070 1233 1113 1276 se·

159 1316 275 1372 narium
288 1316 336 1374 vel
349 1315 528 1374 trochaicum
541 1314 722 1372 octonarium
734 1313 766 1370 in
779 1313 826 1372 his
840 1333 1001 1391 agnoscere.

199 1413 391 1494 (²)-(²)-(²)
416 1415 535 1473 Mallem
556 1415 611 1472 sic:
632 1412 748 1482 “Quod
768 1433 837 1473 vero
859 1423 974 1474 mutato
997 1418 1114 1478 nomine

160 1516 314 1574 evertenda
327 1516 440 1585 fuisset,
463 1533 554 1573 eversa
574 1523 612 1572 eet
634 1513 685 1571 illa
703 1514 811 1589 quidem
834 1533 918 1591 qaam
931 1515 1115 1576 cohaerentia

160 1633 312 1674 causarum
339 1615 375 1674 ed
396 1633 529 1674 occasum
554 1614 767 1690 interitumque
788 1614 979 1692 redigeretur,
1003 1626 1116 1692 capereto

159 1717 243 1776 etiam
257 1716 382 1776 exitium
395 1725 426 1776 et
446 1716 623 1777 eversionem
640 1714 801 1794 pertinenia
812 1716 988 1795 populorum
1000 1725 1031 1778 et
1043 1717 1114 1777 belli

159 1817 346 1877 mrffladffl

201 1919 282 1988 Quae
295 1920 423 1996 reliquae
444 1927 515 1978 sunt
535 1917 697 1996 particulae
709 1919 792 1991 duae,
814 1919 868 1979 hae
880 1919 1018 1980 videntur
1031 1939 1114 1999 posse

161 2039 254 2080 unum
266 2022 298 2079 in
311 2030 483 2081 contextum
496 2022 582 2093 coire,
597 2022 658 2080 sive
669 2022 770 2098 paucis
780 2022 812 2079 in
825 2022 919 2081 medio
931 2022 1039 2082 additis
1052 2024 1114 2082 sive

160 2122 243 2180 nulla
254 2123 331 2180 facte
351 2122 511 2182 additione:
532 2127 553 2155 “
566 2122 597 2181 Is
610 2124 687 2182 enim
701 2141 754 2200 pro
775 2123 870 2184 solute
889 2123 1000 2202 patriae
1011 2124 1114 2184 future

161 2223 268 2284 inferos
281 2224 349 2286 vict
362 2233 386 2285 et
397 2224 488 2284 aedem
500 2235 667 2284 mortuoram
680 2224 812 2302 attigit-’²
