2632 4506
279 997 285 1015 ι
405 861 808 962 *rerumne

530 1151 701 1187 -e—

148 1373 259 1462 Q'ucu
274 1377 381 1465 paucis
399 1379 513 1444 abhinc
534 1381 623 1444 annis
645 1377 804 1464 Epistolas
824 1377 993 1454 Ciceronis,
1013 1381 1112 1460 quae'

147 1508 282 1574 suntad
293 1511 479 1574 Familiares
493 1520 526 1574 et
540 1513 586 1574 od
599 1497 731 1573 Attalum
746 1509 868 1585 missae,
885 1507 978 1592 paulo
994 1495 1099 1572 studiss

146 1640 230 1704 osius
244 1639 426 1725 relegerem,
447 1659 560 1722 nempe
582 1635 616 1701 id
635 1655 741 1722 agens,
757 1647 795 1701 ut
810 1635 1016 1700 Latinitatem
1031 1637 1093 1701 lec-

26 1855 30 1863 .
108 1768 120 1812 l
146 1769 258 1832 tionem
272 1768 305 1832 in
320 1767 504 1844 adversariis
519 1764 695 1853 exciperem
706 1777 802 1852 atque
816 1767 850 1830 in
864 1767 981 1831 indices
997 1767 1092 1853 (quos

146 1897 280 1960 eremus
302 1895 411 1983 none)
427 1917 582 1982 agerem,
599 1865 685 1961 vaus
699 1865 777 1959 ains
800 1917 870 1960 sum
889 1896 923 1959 n
946 1898 1091 1961 emensa

146 2025 246 2089 tiones
260 1993 427 2090 nonnullae
446 2023 549 2090 obiter
565 2021 713 2091 incidere.
759 2021 848 2107 Quas
868 2045 923 2090 cur
936 2025 997 2090 hcc
1011 2035 1092 2090 tem-

145 2171 221 2239 pore
230 2152 383 2218 volnen'm
394 2151 497 2232 edere,
511 2173 604 2220 causa
616 2149 689 2232 fuit,
700 2153 787 2238 quod
797 2175 817 2218 a
827 2149 873 2218 V.
886 2154 937 2230 O,
951 2153 1090 2232 Baitero,

50 2315 58 2326 ·
146 2284 326 2349 Professore
342 2280 518 2363 Tmicensi,
542 2305 599 2370 per
621 2282 727 2350 merus
747 2283 862 2350 certior
883 2284 985 2349 sactus
1009 2309 1090 2363 sum,

146 2417 316 2482 editionem
331 2439 363 2481 se
379 2417 540 2482 Ciceronis
555 2415 681 2502 Lipsiae
701 2413 906 2480 emittendam
925 2415 1091 2500 recepisse3

26 2599 28 2607 ι
145 2545 263 2638 siquid
278 2545 392 2614 vellem
410 2549 451 2612 ad
470 2545 631 2633 Epictetus
646 2544 856 2614 emendandas
875 2547 1026 2624 conferre,
1044 2549 1093 2612 lu·

144 2680 256 2742 benten
267 2700 300 2743 se
311 2701 451 2743 usurum.
497 2677 532 2742 N
533 2657 574 2743 cn
585 2677 721 2742 multum
736 2677 849 2742 laboris
861 2697 935 2763 prae
946 2700 996 2742 me
1007 2679 1094 2742 feroz'

144 2808 199 2872 sed
213 2830 274 2872 usu
289 2807 394 2872 venire
412 2807 516 2882 credo,
538 2816 657 2872 utnon
676 2807 780 2871 minus
798 2805 904 2872 felices
922 2806 1090 2891 aliquando

143 2937 291 3000 fortuitae
319 2935 552 3001 emendationes
573 2935 737 3012 exsistant,
767 2957 863 3020 quam
888 2957 961 3000 cum
984 2936 1090 3001 labore

144 3079 239 3152 atque
254 3090 383 3152 operose
398 3067 568 3152 quaesitae.
612 3067 763 3133 Ceterum
778 3066 914 3131 editione
929 3089 1000 3130 sum
1014 3090 1090 3132 usus

146 3198 313 3276 Orelliana,
331 3199 427 3264 etiam
440 3198 516 3263 alias
531 3197 697 3264 nonnullas
711 3196 844 3262 subinde
858 3196 1036 3282 respiciens.

192 3458 255 3526 Sed
269 3460 318 3525 his
332 3457 447 3524 addere
461 3459 566 3524 lubuit
587 3457 682 3523 etiam
705 3459 738 3522 in
752 3459 928 3545 fragmenta
949 3459 1004 3522 illa
1016 3458 1090 3523 libri

145 3597 182 3656 de
203 3595 293 3670 Fato,
319 3615 399 3677 quae
422 3615 441 3656 a
464 3591 509 3656 V.
527 3591 583 3669 1).,
608 3591 649 3656 L.
670 3591 709 3657 C.
734 3591 897 3667 Feruccio,
920 3613 1021 3676 nuper
1042 3591 1090 3655 in-

145 3739 240 3788 venta
254 3734 286 3788 et
308 3722 464 3789 Modenae
479 3723 564 3788 edita
582 3745 771 3809 magnopere
790 3722 909 3788 animos
924 3720 1089 3788 doctorum
