2632 4506
398 431 442 488 IN
464 429 614 488 EPISTT.
635 428 697 489 AD
716 429 818 490 FAM.
1074 435 1097 497 9⁴

186 638 228 649 -
243 599 295 660 45.
321 603 342 635 “
353 616 427 658 nam
447 594 486 659 de
502 604 558 659 tue
578 615 654 681 ergo
667 616 718 660 me
738 593 902 660 voluntate
922 615 987 660 non
1001 594 1093 660 dubi-

142 723 281 789 tabat*.''

179 857 280 928 Immo,
295 857 405 934 opinor,
427 855 569 914 dubitabit.
612 855 656 913 ef.
678 856 761 932 epist.
782 857 838 925 47„
861 860 925 913 “ut
939 855 1045 914 sentiet
1065 863 1095 913 et

142 976 172 1015 se
184 977 202 1014 e
214 977 260 1016 me
273 965 304 1016 et
316 977 363 1015 me
376 977 393 1014 e
406 965 437 1015 te
450 956 570 1014 emeri.''

186 1123 229 1131 -
243 1083 296 1143 58.
321 1076 553 1144 “Commendo
567 1075 628 1142 tibi
642 1075 811 1156 hominem,
828 1075 929 1142 sicut*
944 1088 1002 1140 tue
1015 1075 1093 1140 fides

144 1196 177 1251 et
191 1210 280 1252 meus
294 1187 398 1273 pudor
407 1186 578 1274 postulat?

181 1317 285 1374 Potius
303 1316 467 1377 Commendo
479 1317 529 1375 tier·
539 1281 674 1374 hominem
687 1317 732 1384 sio,
744 1325 775 1372 et
785 1353 832 1372 -.
859 1315 1009 1384 Quomodo
1022 1314 1096 1370 divi·

144 1418 198 1474 sim
212 1417 394 1475 scribendum
409 1436 509 1476 censeo
522 1419 608 1476 etiem
622 1437 689 1474 mox
702 1415 749 1476 63.
763 1420 789 1474 2.

190 1557 295 1624 XIV.
318 1564 350 1624 4.
364 1566 396 1626 5.
421 1567 443 1600 “
456 1537 553 1642 Quod
566 1558 723 1644 reliquum
738 1567 797 1635 est,
814 1567 956 1623 sustenta
969 1567 1012 1636 te,
1026 1579 1096 1622 meo

148 1667 308 1744 Terentia,
323 1676 361 1732 ut
374 1665 496 1754 potes*,
511 1666 758 1732 honestissime.”

185 1797 325 1857 Tollenda
346 1798 504 1869 distinctio,
533 1799 649 1876 opinor:
672 1807 702 1856 ot
722 1807 800 1873 poteo
821 1797 1013 1869 hommum&
1033 1798 1051 1856 i.
1073 1816 1097 1855 e.

146 1900 222 1958 sicut
233 1935 274 1948 -
299 1929 301 1934 ·

190 2017 275 2083 XV.
298 2023 329 2083 4.
349 2023 398 2083 14.
423 2027 491 2084 “ut
506 2018 560 2083 ee*
580 2017 775 2084 alienissimis
790 2017 881 2084 sociis
895 2015 1096 2083 amicissimos

150 2175 157 2190 .
176 2126 389 2193 .redderem.”

184 2261 232 2317 Ex
246 2260 447 2337 supplemento
459 2269 504 2318 est
516 2279 556 2318 ee.
596 2259 696 2317 Malim
713 2279 782 2335 ergo
795 2259 950 2335 interponi,
965 2258 1097 2316 denuoi·

146 2364 196 2419 mii
208 2380 241 2420 eu
252 2363 337 2432 een,
353 2369 460 2420 utnon
475 2361 536 2420 sine
549 2381 633 2419 ceusu
645 2361 775 2438 potuerit
788 2361 928 2420 excidere.

190 2528 233 2539 -
251 2489 300 2549 14.
320 2489 347 2548 1.
364 2492 385 2524 “
399 2482 462 2549 Sed
476 2491 592 2560 tamen,
603 2482 690 2568 quod
703 2482 751 2548 te*
766 2483 806 2548 eb
818 2503 855 2548 eo
869 2481 996 2570 egregie
1005 2480 1096 2566 diligi

150 2591 242 2667 sensi,
257 2590 360 2656 multo
374 2589 502 2655 amicior
515 2588 545 2654 ei
559 2612 630 2654 eum
643 2589 776 2654 fectus?

58 2790 61 2796 Ι
186 2723 233 2780 Ex
247 2721 341 2799 suppl.
362 2728 407 2780 est
425 2730 457 2779 te.
496 2722 576 2797 Ergo
599 2720 784 2778 scribendum
806 2729 829 2778 te
849 2720 982 2796 qnod-.
1023 2719 1098 2776 Nem

147 2841 203 2880 non
218 2823 280 2880 sine
292 2841 378 2880 ceusu
391 2821 485 2878 solent
498 2821 569 2878 teliu
582 2820 723 2879 excidere.

194 2939 298 3006 XVI.
321 2947 352 3006 3.
368 2947 399 3006 2.
418 2939 527 3005 “setis
542 2939 703 3026 quotidie*
714 2938 833 3015 videro,
851 2937 1040 3004 eivalebis.'’

74 3097 81 3108 ¹
188 3073 298 3131 Probet
312 3072 402 3130 Orell.
427 3073 558 3130 Ernestii
579 3071 770 3147 suspicionem
793 3071 861 3128 salu
883 3071 936 3128 cito
955 3079 980 3128 te
999 3071 1099 3128 videro.

148 3172 224 3230 Mihi
237 3173 374 3248 vulgatae
387 3173 520 3230 lectionis
533 3172 693 3250 hyperbole
711 3171 891 3230 sollicitando
904 3191 961 3228 non
974 3171 1098 3228 videtur.

150 3274 193 3330 cf.
208 3276 254 3331 22.
272 3276 305 3342 1.,
321 3280 339 3306 “
349 3273 462 3331 Mecum
474 3291 510 3341 es,
524 3274 548 3329 si
561 3282 591 3330 te
604 3275 716 3330 cures.”

193 3438 236 3448 -
255 3399 286 3458 8.
303 3398 334 3457 2.
358 3391 464 3478 “Ego
486 3400 571 3457 certe
594 3391 736 3478 singulos
759 3393 827 3476 ejus
846 3412 955 3456 versus
974 3389 1099 3475 singule

151 3501 238 3587 ejus*
253 3501 434 3567 testimonia
444 3500 552 3587 puto.''

189 3635 369 3711 Corruptum
392 3634 474 3693 istud
494 3634 619 3692 alterum
646 3635 709 3707 uus.
750 3631 857 3690 Tentat
879 3627 967 3688 Orell.
991 3629 1101 3704 εἰπᾳιιὶα

150 3736 418 3808 ooolaereeonomu.
461 3736 517 3794 Sed
531 3754 583 3793 ocu
598 3735 636 3793 V.
652 3735 683 3793 O.
698 3753 756 3792 non
774 3732 874 3807 tetigit
891 3750 959 3788 rem.
1000 3731 1101 3789 Scribe

151 3835 257 3894 εἰδότος
269 3838 426 3897 ΐαΐίπῑοπία.
467 3836 512 3896 Cf.
526 3836 566 3894 ad
576 3833 634 3895 All.
646 3835 687 3892 ix.
702 3833 730 3898 7.
746 3837 783 3904 3.,
801 3827 888 3898 Elide
898 3852 943 3886 σοι
954 3829 1041 3902 λέγω.
